%%%%%%%%%%%%%%%%%%%%%%%%%%%%%%%%%%%%%%%%%%%%%%%%%%%%%%%%
%% Year: 2021
%%%%%%%%%%%%%%%%%%%%%%%%%%%%%%%%%%%%%%%%%%%%%%%%%%%%%%%%

@article{hong2021extended,
	title={An extended Galerkin analysis for elliptic problems},
	author={Hong, Qingguo and Wu, Shuonan and Xu, Jinchao},
	journal={Science China Mathematics},
	volume={64},
	number={9},
	pages={2141--2158},
	year={2021},
	publisher={Springer}
}

@article{hu2021helicity,
	title={Helicity-conservative finite element discretization for incompressible MHD systems},
	author={Hu, Kaibo and Lee, Young-Ju and Xu, Jinchao},
	journal={Journal of Computational Physics},
	volume={436},
	pages={110284},
	year={2021},
	publisher={Elsevier}
}

@article{hao2021multiscale,
	title={Multiscale and monolithic arbitrary Lagrangian--Eulerian finite element method for a hemodynamic fluid-structure interaction problem involving aneurysms},
	author={Hao, Wenrui and Sun, Pengtao and Xu, Jinchao and Zhang, Lian},
	journal={Journal of Computational Physics},
	volume={433},
	pages={110181},
	year={2021},
	publisher={Elsevier}
}

%%%%%%%%%%%%%%%%%%%%%%%%%%%%%%%%%%%%%%%%%%%%%%%%%%%%%%%%
%% Year: 2020
%%%%%%%%%%%%%%%%%%%%%%%%%%%%%%%%%%%%%%%%%%%%%%%%%%%%%%%%
@article{krajewski2020extensible,
	title={Extensible Structure-Informed Prediction of Formation Energy with Improved Accuracy and Usability employing Neural Networks},
	author={Krajewski, Adam M and Siegel, Jonathan W and Xu, Jinchao and Liu, Zi-Kui},
	journal={arXiv preprint arXiv:2008.13654},
	year={2020}
}

@article{chen2020robust,
	title={Robust block preconditioners for poroelasticity},
	author={Chen, Shuangshuang and Hong, Qingguo and Xu, Jinchao and Yang, Kai},
	journal={Computer Methods in Applied Mechanics and Engineering},
	volume={369},
	pages={113229},
	year={2020},
	publisher={Elsevier}
}

@article{siegel2020approximation,
	title={Approximation rates for neural networks with general activation functions},
	author={Siegel, Jonathan W and Xu, Jinchao},
	journal={Neural Networks},
	volume={128},
	pages={313--321},
	year={2020},
	publisher={Elsevier}
}

@article{xiao2020high,
	title={High-order extended finite element methods for solving interface problems},
	author={Xiao, Yuanming and Xu, Jinchao and Wang, Fei},
	journal={Computer Methods in Applied Mechanics and Engineering},
	volume={364},
	pages={112964},
	year={2020},
	publisher={Elsevier}
}

@article{wang2020mixed,
	title={A mixed discontinuous Galerkin method for linear elasticity with strongly imposed symmetry},
	author={Wang, Fei and Wu, Shuonan and Xu, Jinchao},
	journal={Journal of Scientific Computing},
	volume={83},
	number={1},
	pages={1--17},
	year={2020},
	publisher={Springer}
}

@article{chen2020machine,
	title={A machine learning method correlating pulse pressure wave data with pregnancy},
	author={Chen, Jianhong and Huang, Huang and Hao, Wenrui and Xu, Jinchao},
	journal={International journal for numerical methods in biomedical engineering},
	volume={36},
	number={1},
	pages={e3272},
	year={2020},
	publisher={Wiley Online Library}
}

@article{wu2020simplex,
	title={Simplex-Averaged Finite Element Methods for H (grad), H (curl), and H (div) Convection-Diffusion Problems},
	author={Wu, Shuonan and Xu, Jinchao},
	journal={SIAM Journal on Numerical Analysis},
	volume={58},
	number={1},
	pages={884--906},
	year={2020},
	publisher={SIAM}
}

%%%%%%%%%%%%%%%%%%%%%%%%%%%%%%%%%%%%%%%%%%%%%%%%%%%%%%%%
%% Year: 2019
%%%%%%%%%%%%%%%%%%%%%%%%%%%%%%%%%%%%%%%%%%%%%%%%%%%%%%%%
@article{he2019generalized,
	title={Generalized Gaffney inequality and discrete compactness for discrete differential forms},
	author={He, Juncai and Hu, Kaibo and Xu, Jinchao},
	journal={Numerische Mathematik},
	volume={143},
	number={4},
	pages={781--795},
	year={2019},
	publisher={Springer}
}

@article{hu2019randomized,
	title={Randomized and fault-tolerant method of subspace corrections},
	author={Hu, Xiaozhe and Xu, Jinchao and Zikatanov, Ludmil T},
	journal={Research in the Mathematical Sciences},
	volume={6},
	number={3},
	pages={1--15},
	year={2019},
	publisher={Springer}
}

@article{he2019mgnet,
	title={MgNet: A unified framework of multigrid and convolutional neural network},
	author={He, Juncai and Xu, Jinchao},
	journal={Science china mathematics},
	volume={62},
	number={7},
	pages={1331--1354},
	year={2019},
	publisher={Springer}
}

@article{xu2019stability,
	title={On the stability and accuracy of partially and fully implicit schemes for phase field modeling},
	author={Xu, Jinchao and Li, Yukun and Wu, Shuonan and Bousquet, Arthur},
	journal={Computer Methods in Applied Mechanics and Engineering},
	volume={345},
	pages={826--853},
	year={2019},
	publisher={Elsevier}
}

@article{gong2019new,
	title={New hybridized mixed methods for linear elasticity and optimal multilevel solvers},
	author={Gong, Shihua and Wu, Shuonan and Xu, Jinchao},
	journal={Numerische Mathematik},
	volume={141},
	number={2},
	pages={569--604},
	year={2019},
	publisher={Springer}
}

@article{leng2019numerical,
	title={Numerical simulation of an immersed rotating structure in fluid for hemodynamic applications},
	author={Leng, Wei and Zhang, Chen-Song and Sun, Pengtao and Gao, Bin and Xu, Jinchao},
	journal={Journal of computational science},
	volume={30},
	pages={79--89},
	year={2019},
	publisher={Elsevier}
}

@article{wu2019nonconforming,
	title={Nonconforming finite element spaces for 2mth order partial differential equations on $‚Ñù^{n}$ simplicial grids when m= n+ 1},
	author={Wu, Shuonan and Xu, Jinchao},
	journal={Mathematics of Computation},
	volume={88},
	number={316},
	pages={531--551},
	year={2019}
}

@article{hong2019unified,
	title={A unified study of continuous and discontinuous Galerkin methods},
	author={Hong, Qingguo and Wang, Fei and Wu, Shuonan and Xu, Jinchao},
	journal={Science China Mathematics},
	volume={62},
	number={1},
	pages={1--32},
	year={2019},
	publisher={Springer}
}

@article{hu2019structure,
	title={Structure-preserving finite element methods for stationary MHD models},
	author={Hu, Kaibo and Xu, Jinchao},
	journal={Mathematics of Computation},
	volume={88},
	number={316},
	pages={553--581},
	year={2019}
}

%%%%%%%%%%%%%%%%%%%%%%%%%%%%%%%%%%%%%%%%%%%%%%%%%%%%%%%%
%% Year: 2018
%%%%%%%%%%%%%%%%%%%%%%%%%%%%%%%%%%%%%%%%%%%%%%%%%%%%%%%%
@article{jia2018irda,
	title={iRDA Method for Sparse Convolutional Neural Networks},
	author={Jia, Xiaodong and Zhao, Liang and Zhang, Lian and He, Juncai and Xu, Jinchao},
	year={2018}
}

@inproceedings{sun2018ale,
	title={ALE method for a rotating structure immersed in the fluid and its application to the artificial heart pump in hemodynamics},
	author={Sun, Pengtao and Leng, Wei and Zhang, Chen-Song and Lan, Rihui and Xu, Jinchao},
	booktitle={International Conference on Computational Science},
	pages={9--23},
	year={2018},
	organization={Springer}
}

@article{bousquet2018newton,
	title={Newton solvers for drift-diffusion and electrokinetic equations},
	author={Bousquet, Arthur and Hu, Xiaozhe and Metti, Maximilian S and Xu, Jinchao},
	journal={SIAM Journal on Scientific Computing},
	volume={40},
	number={3},
	pages={B982--B1006},
	year={2018},
	publisher={SIAM}
}

@article{zhang2018error,
	title={Error estimates of the classical and improved two-gridmethods},
	author={Zhang, Weifeng and Xu, Jinchao and Zhong, Liuqiang},
	journal={Advances in Applied Mathematics and Mechanics},
	volume={10},
	number={4},
	pages={785--796},
	year={2018},
	publisher={Global Science Press}
}

%%%%%%%%%%%%%%%%%%%%%%%%%%%%%%%%%%%%%%%%%%%%%%%%%%%%%%%%
%% Year: 2017
%%%%%%%%%%%%%%%%%%%%%%%%%%%%%%%%%%%%%%%%%%%%%%%%%%%%%%%%
@article{wu2017interior,
	title={Interior penalty mixed finite element methods of any order in any dimension for linear elasticity with strongly symmetric stress tensor},
	author={Wu, Shuonan and Gong, Shihua and Xu, Jinchao},
	journal={Mathematical Models and Methods in Applied Sciences},
	volume={27},
	number={14},
	pages={2711--2743},
	year={2017},
	publisher={World Scientific}
}

@article{wu2017multiphase,
	title={Multiphase Allen--Cahn and Cahn--Hilliard models and their discretizations with the effect of pairwise surface tensions},
	author={Wu, Shuonan and Xu, Jinchao},
	journal={Journal of Computational Physics},
	volume={343},
	pages={10--32},
	year={2017},
	publisher={Elsevier}
}

@article{qiao2017analytical,
	title={Analytical decoupling techniques for fully implicit reservoir simulation},
	author={Qiao, Changhe and Wu, Shuhong and Xu, Jinchao and Zhang, Chen-Song},
	journal={Journal of Computational Physics},
	volume={336},
	pages={664--681},
	year={2017},
	publisher={Elsevier}
}

@article{xu2017algebraic,
	title={Algebraic multigrid methods},
	author={Xu, Jinchao and Zikatanov, Ludmil},
	journal={Acta Numerica},
	volume={26},
	pages={591--721},
	year={2017},
	publisher={Cambridge University Press}
}

@article{hao2017mathematical,
	title={A mathematical model of aortic aneurysm formation},
	author={Hao, Wenrui and Gong, Shihua and Wu, Shuonan and Xu, Jinchao and Go, Michael R and Friedman, Avner and Zhu, Dai},
	journal={PloS one},
	volume={12},
	number={2},
	pages={e0170807},
	year={2017},
	publisher={Public Library of Science San Francisco, CA USA}
}

@article{hu2017stable,
	title={Stable finite element methods preserving $$$\backslash$nabla$\backslash$cdot$\backslash$varvec $\{$B$\}$= 0$$ exactly for MHD models},
	author={Hu, Kaibo and Ma, Yicong and Xu, Jinchao},
	journal={Numerische Mathematik},
	volume={135},
	number={2},
	pages={371--396},
	year={2017},
	publisher={Springer}
}

@article{cui2017error,
	title={An error-resilient redundant subspace correction method},
	author={Cui, Tao and Xu, Jinchao and Zhang, Chen-Song},
	journal={Computing and Visualization in Science},
	volume={18},
	number={2-3},
	pages={65--77},
	year={2017},
	publisher={Springer}
}

@article{li2017numerical,
	title={Numerical studies of a class of linear solvers for fine-scale petroleum reservoir simulation},
	author={Li, Zheng and Wu, Shuhong and Zhang, Chen-Song and Xu, Jinchao and Feng, Chunsheng and Hu, Xiaozhe},
	journal={Computing and Visualization in Science},
	volume={18},
	number={2-3},
	pages={93--102},
	year={2017},
	publisher={Springer}
}


%%%%%%%%%%%%%%%%%%%%%%%%%%%%%%%%%%%%%%%%%%%%%%%%%%%%%%%%
%% Year: 2016 
%%%%%%%%%%%%%%%%%%%%%%%%%%%%%%%%%%%%%%%%%%%%%%%%%%%%%%%%
@article{li2016toward,
	title={Toward cost-effective reservoir simulation solvers on GPUs},
	author={Li, Zheng and Wu, Shuhong and Xu, Jinchao and Zhang, Chensong},
	journal={Advances in Applied Mathematics and Mechanics},
	volume={8},
	number={6},
	pages={971--991},
	year={2016},
	publisher={Cambridge University Press}
}

@article{yang2016modeling,
	title={Modeling and simulations for fluid and rotating structure interactions},
	author={Yang, Kai and Sun, Pengtao and Wang, Lu and Xu, Jinchao and Zhang, Lixiang},
	journal={Computer Methods in Applied Mechanics and Engineering},
	volume={311},
	pages={788--814},
	year={2016},
	publisher={Elsevier}
}

@article{grasedyck2016nearly,
	title={A nearly optimal multigrid method for general unstructured grids},
	author={Grasedyck, Lars and Wang, Lu and Xu, Jinchao},
	journal={Numerische Mathematik},
	volume={134},
	number={3},
	pages={637--666},
	year={2016},
	publisher={Springer}
}

@inproceedings{shuhong2016cost,
	title={Cost-Effective Parallel Reservoir Simulation on Shared Memory},
	author={Shuhong, Wu and Baohua, Wang and Qiaoyun, Li and Xu, Jinchao and Chensong, Zhang and Chunsheng, Feng},
	booktitle={SPE Asia Pacific Oil \& Gas Conference and Exhibition},
	year={2016},
	organization={OnePetro}
}

@article{zheng2016fast,
	title={Fast multilevel solvers for a class of discrete fourth order parabolic problems},
	author={Zheng, Bin and Chen, Luoping and Hu, Xiaozhe and Chen, Long and Nochetto, Ricardo H and Xu, Jinchao},
	journal={Journal of Scientific Computing},
	volume={69},
	number={1},
	pages={201--226},
	year={2016},
	publisher={Springer}
}

@article{hu2016two,
	title={A two-grid SA-AMG convergence bound that improves when increasing the polynomial degree},
	author={Hu, Xiaozhe and Vassilevski, Panayot S and Xu, Jinchao},
	journal={Numerical Linear Algebra with Applications},
	volume={23},
	number={4},
	pages={746--771},
	year={2016},
	publisher={Wiley Online Library}
}


@article{ma2016robust,
  title={{Robust preconditioners for incompressible MHD models}},
  author={Ma, Yicong and Hu, Kaibo and Hu, Xiaozhe and Xu, Jinchao},
  journal={Journal of Computational Physics},
  volume={316},
  pages={721--746},
  year={2016},
  publisher={Elsevier}
}

@article{qiao2016compositional,
	title={Compositional modeling of dissolution-induced injectivity alteration during CO2 flooding in carbonate reservoirs},
	author={Qiao, Changhe and Li, Li and Johns, Russell T and Xu, Jinchao},
	journal={SPE journal},
	volume={21},
	number={03},
	pages={0809--0826},
	year={2016},
	publisher={OnePetro}
}

@article{kolev2016multilevel,
	title={Multilevel preconditioners for reaction-diffusion problems with discontinuous coefficients},
	author={Kolev, Tzanio V and Xu, Jinchao and Zhu, Yunrong},
	journal={Journal of Scientific Computing},
	volume={67},
	number={1},
	pages={324--350},
	year={2016},
	publisher={Springer}
}

@incollection{xu2016optimal,
	title={Optimal finite element methods for interface problems},
	author={Xu, Jinchao and Zhang, Shuo},
	booktitle={Domain Decomposition Methods in Science and Engineering
	XXII},
	pages={77--91},
	year={2016},
	publisher={Springer}
}


@article{metti2016energetically,
  title={Energetically stable discretizations for charge transport and
  electrokinetic models},
  author={Metti, Maximilian S and Xu, Jinchao and Liu, Chun},
  journal={Journal of Computational Physics},
  volume={306},
  pages={1--18},
  year={2016},
  publisher={Elsevier}
}

@article{hong2016robust,
  title={{A robust multigrid method for discontinuous Galerkin
    discretizations of Stokes and linear elasticity equations}},
  author={Hong, Qingguo and Kraus, Johannes and Xu, Jinchao and
    Zikatanov, Ludmil},
  journal={Numerische Mathematik},
  volume={132},
  number={1},
  pages={23--49},
  year={2016},
  publisher={Springer}
}



%%%%%%%%%%%%%%%%%%%%%%%%%%%%%%%%%%%%%%%%%%%%%%%%%%%%%%%% 
%% Year 2015            
%%%%%%%%%%%%%%%%%%%%%%%%%%%%%%%%%%%%%%%%%%%%%%%%%%%%%%%%
@inproceedings{qiao2015modeling,
	title={Modeling low salinity waterflooding in mineralogically different carbonates},
	author={Qiao, Changhe and Johns, Russell and Li, Li and Xu, Jinchao},
	booktitle={SPE annual technical conference and exhibition},
	year={2015},
	organization={OnePetro}
}

@article{qiao2015mechanistic,
  title={{A mechanistic model for wettability alteration by chemically
    tuned waterflooding in carbonate reservoirs}},
  author={Qiao, Changhe and Li, Li and Johns, Russell T and Xu,
    Jinchao and others},
  journal={SPE Journal},
  year={2015},
  publisher={Society of Petroleum Engineers}
}

@article{zheng2015fast,
	title={Fast multilevel solvers for a class of discrete fourth order
	parabolic problems},
	author={Zheng, Bin and Chen, Luoping and Hu, Xiaozhe and Chen, Long
	and Nochetto, Ricardo H and Xu, Jinchao},
	journal={Journal of Scientific Computing},
	pages={1--26},
	year={2015},
	publisher={Springer}
}

@article{trask2015scalable,
  title={{A scalable consistent second-order SPH solver for unsteady
    low Reynolds number flows}},
  author={Trask, Nathaniel and Maxey, Martin and Kim, Kyungjoo and
    Perego, Mauro and Parks, Michael L and Yang, Kai and Xu, Jinchao},
  journal={Computer Methods in Applied Mechanics and Engineering},
  volume={289},
  pages={155--178},
  year={2015},
  publisher={Elsevier}
}

@inproceedings{guan2015robust,
	title={On robust and efficient parallel reservoir simulation on tianhe-2},
	author={Guan, Wenchao and Qiao, Changhe and Zhang, Hongxuan and Zhang, Chen-Song and Zhi, Meipeng and Zhu, Zhifan and Zheng, Zhenying and Ye, Weicai and Zhang, Yongdong and Hu, Xiaozhe and others},
	booktitle={SPE Reservoir Characterisation and Simulation Conference and Exhibition},
	year={2015},
	organization={OnePetro}
}

@article{xu2015well,
  title={Well-posedness and robust preconditioners for discretized
    fluid--structure interaction systems},
  author={Xu, Jinchao and Yang, Kai},
  journal={Computer Methods in Applied Mechanics and Engineering},
  volume={292},
  pages={69--91},
  year={2015},
  publisher={Elsevier}
}

@article{chen2015multigrid,
	title={A multigrid solver based on distributive smoother and residual overweighting for Oseen problems},
	author={Chen, Long and Hu, Xiaozhe and Wang, Ming and Xu, Jinchao},
	journal={Numerical Mathematics: Theory, Methods and Applications},
	volume={8},
	number={2},
	pages={237--252},
	year={2015},
	publisher={Cambridge University Press}
}

@article{xu2015stability,
	title={On the stability, consistency and convergence of numerical schemes},
	author={Xu, Jinchao},
	journal={SCIENTIA SINICA Mathematica},
	volume={45},
	number={8},
	pages={1205--1216},
	year={2015},
	publisher={Science China Press}
}

@article{urschel2015cascadic,
	title={A cascadic multigrid algorithm for computing the fiedler vector of graph laplacians},
	author={Urschel, John C and Xu, Jinchao and Hu, Xiaozhe and Zikatanov, Ludmil T},
	journal={Journal of Computational Mathematics},
	pages={209--226},
	year={2015},
	publisher={JSTOR}
}

%%%%%%%%%%%%%%%%%%%%%%%%%%%%%%%%%%%%%%%%%%%%%%%%%%%%%%%% 
%% Year 2014 
%%%%%%%%%%%%%%%%%%%%%%%%%%%%%%%%%%%%%%%%%%%%%%%%%%%%%%%%
@article{wu2014multilevel,
	title={A multilevel preconditioner and its shared memory implementation for a new generation reservoir simulator},
	author={Wu, Shuhong and Xu, Jinchao and Feng, Chunsheng and Zhang, Chen-Song and Li, Qiaoyun and Shu, Shi and Wang, Baohua and Li, Xiaobo and Li, Hua},
	journal={Petroleum Science},
	volume={11},
	number={4},
	pages={540--549},
	year={2014},
	publisher={Springer}
}

@incollection{feng2014multi,
	title={A multi-stage preconditioner for the black oil model and its openmp implementation},
	author={Feng, Chunsheng and Shu, Shi and Xu, Jinchao and Zhang, Chen-Song},
	booktitle={Domain Decomposition Methods in Science and Engineering XXI},
	pages={141--153},
	year={2014},
	publisher={Springer}
}

@article{hu2014stable,
	title={{Stable finite element methods preserving $\nabla\cdot
	\bm{B}$= 0 exactly for MHD models}},
	author={Hu, Kaibo and Ma, Yicong and Xu, Jinchao},
	journal={Numerische Mathematik},
	pages={1--26},
	year={2014},
	publisher={Springer}
}


@inproceedings{qiao2014compositional,
  title={{Compositional modeling of reaction-induced injectivity
    alteration during CO2 flooding in carbonate reservoirs}},
  author={Qiao, Changhe and Li, Li and Johns, Russell Taylor and Xu,
    Jinchao and others},
  booktitle={SPE Annual Technical Conference and Exhibition},
  year={2014},
  organization={Society of Petroleum Engineers}
}

@article{zhang2014effect,
  title={{The effect of varied support models of BJUT-IIVAD on coronary
  arterial blood flow and wall shear stress: A primary CFD study}},
  author={Zhang, Qi and Gao, Bin and Gu, Kaiyun and Chang, Yu and Xu,
  Jinchao and Deuflhard, Peter},
  journal={ASAIO journal (American Society for Artificial Internal
      Organs: 1992)},
  year={2014}
}

@article{lin2014lower,
  title={Lower bounds of the discretization error for piecewise
    polynomials},
  author={Lin, Qun and Xie, Hehu and Xu, Jinchao},
  journal={Mathematics of Computation},
  volume={83},
  number={285},
  pages={1--13},
  year={2014}
}

@article{zhang2014optimal,
  title={{Optimal solvers for fourth-order PDEs discretized on
    unstructured grids}},
  author={Zhang, Shuo and Xu, Jinchao},
  journal={SIAM Journal on Numerical Analysis},
  volume={52},
  number={1},
  pages={282--307},
  year={2014},
  publisher={SIAM}
}

@article{sun2014full,
  title={{Full Eulerian finite element method of a phase field model
    for fluid--structure interaction problem}},
  author={Sun, Pengtao and Xu, Jinchao and Zhang, Lixiang},
  journal={Computers \& Fluids},
  volume={90},
  pages={1--8},
  year={2014},
  publisher={Elsevier}
}

@article{zhang2014spatial,
  title={Spatial heterogeneity and co-occurrence patterns of human
    mucosal-associated intestinal microbiota},
  author={Zhang, Zhigang and Geng, Jiawei and Tang, Xiaodan and Fan,
    Hong and Xu, Jinchao and Wen, Xiujun and Ma, Zhanshan Sam and Shi,
  Peng},
  journal={The ISME journal},
  volume={8},
  number={4},
  pages={881--893},
  year={2014},
  publisher={Nature Publishing Group}
}

@article{feng2014numerical,
  title={{Numerical study of geometric multigrid methods on CPU-GPU
    heterogeneous computers}},
  author={Feng, Chunsheng and Shu, Shi and Xu, Jinchao and Zhang,
    Chen-Song},
  journal={Advances in Applied Mathematics and Mechanics},
  volume={6},
  number={01},
  pages={1--23},
  year={2014},
  publisher={Cambridge Univ Press}
}

@article{de2014simple,
  title={{A simple preconditioner for a discontinuous Galerkin method
    for the Stokes problem}},
  author={De Dios, Blanca Ayuso and Brezzi, Franco and Marini, L
    Donatella and Xu, Jinchao and Zikatanov, Ludmil},
  journal={Journal of Scientific Computing},
  volume={58},
  number={3},
  pages={517--547},
  year={2014},
  publisher={Springer}
}

@article{knyazev2014numerical,
	title={Numerical Solution of PDE Eigenvalue Problems},
	author={Knyazev, Andrew and Mehrmann, Volker and Xu, Jinchao},
	journal={Oberwolfach Reports},
	volume={10},
	number={4},
	pages={3221--3304},
	year={2014}
}

@article{hu2014adaptive,
	title={{On adaptive Eulerian--Lagrangian method for linear
	convection--diffusion problems}},
	author={Hu, Xiaozhe and Lee, Young-Ju and Xu, Jinchao and Zhang,
	Chen-Song},
	journal={Journal of Scientific Computing},
	volume={58},
	number={1},
	pages={90--114},
	year={2014},
	publisher={Springer}
}
%%%%%%%%%%%%%%%%%%%%%%%%%%%%%%%%%%%%%%%%%%%%%%%%%%%%%%%% 
%% Year 2013 
%%%%%%%%%%%%%%%%%%%%%%%%%%%%%%%%%%%%%%%%%%%%%%%%%%%%%%%%

@article{hu2013application,
  title={Application of auxiliary space preconditioning in field-scale
  reservoir simulation},
  author={Hu, XiaoZhe and Xu, JinChao and Zhang, ChenSong},
  journal={Science China Mathematics},
  volume={56},
  number={12},
  pages={2737--2751},
  year={2013},
  publisher={Springer}
}

@inproceedings{wu2013multilevel,
	title={Multilevel preconditioners for a new generation reservoir simulator},
	author={Wu, Shuhong and Xu, Jinchao and Zhang, Chen-Song and Li, Qiaoyun and Wang, Baohua and Li, Xiaobo and Li, Hua},
	booktitle={SPE Reservoir Characterization and Simulation Conference and Exhibition},
	year={2013},
	organization={OnePetro}
}

@inproceedings{li2013multilevel,
  title={Multilevel preconditioners for a new generation reservoir
    simulator},
  author={Li, Qiao Yun and Xu, JinChao and Li, Xiao Bo and Li, Hua
    and Wang, Bao Hua and Zhang, Chen Song and others},
  booktitle={SPE Reservoir Characterization and Simulation Conference
  and Exhibition},
  year={2013},
  organization={Society of Petroleum Engineers}
}

@article{xu2013estimate,
	title={Estimate of the convergence rate of finite element solutions to elliptic equations of second order with discontinuous coefficients},
	author={Xu, Jinchao},
	journal={arXiv preprint arXiv:1311.4178},
	year={2013}
}

@article{xu2013single,
  title={The single-grid multilevel method and its applications},
  author={Xu, Jinchao},
  journal={Inverse Problems \& Imaging},
  volume={7},
  number={3},
  year={2013}
}

@article{sun2013full,
	title={Full Eulerian modeling and effective numerical studies for the dynamic fluid-structure interaction problem},
	author={Sun, Pengtao and Zhang, Lixiang and Liu, Chun and Xu, Jinchao},
	journal={Recent Advances in Scientific Computing and Applications},
	volume={586},
	pages={351},
	year={2013},
	publisher={American Mathematical Soc.}
}


@article{hu2013combined,
  title={Combined preconditioning with applications in reservoir
    simulation},
  author={Hu, Xiaozhe and Wu, Shuhong and Wu, Xiao-Hui and Xu, Jinchao
  and Zhang, Chen-Song and Zhang, Shiquan and Zikatanov, Ludmil},
  journal={Multiscale Modeling \& Simulation},
  volume={11},
  number={2},
  pages={507--521},
  year={2013},
  publisher={SIAM}
}



@article{wang2013parallel,
  title={A parallel auxiliary grid algebraic multigrid method for
    graphic processing units},
  author={Wang, Lu and Hu, Xiaozhe and Cohen, Jonathan and Xu,
    Jinchao},
  journal={SIAM Journal on Scientific Computing},
  volume={35},
  number={3},
  pages={C263--C283},
  year={2013},
  publisher={SIAM}
}

@article{hu2013comparative,
  title={{Comparative convergence analysis of nonlinear AMLI-cycle
    multigrid}},
  author={Hu, Xiaozhe and Vassilevski, Panayot S and Xu, Jinchao},
  journal={SIAM Journal on Numerical Analysis},
  volume={51},
  number={2},
  pages={1349--1369},
  year={2013},
  publisher={SIAM}
}

@article{cheng2013application,
  title={Application of an energy-minimizing algebraic multigrid
    method for subsurface water simulations},
  author={Cheng, Jing-Ru C and HUANG, XUEHAI and Shu, Shi and Xu,
    Jinchao and Zhang, Chen-song and Zhang, Shuo and Zhou, Zhiyang},
  journal={InternationaL Journal of Numerical Analysis and Modeling},
  volume={10},
  number={2},
  pages={374--388},
  year={2013},
  publisher={ISCI-INST SCIENTIFIC COMPUTING \& INFORMATION PO BOX
    60632, UNIV ALBERTA POSTAL OUTLET,, EDMONTON, ALBERTA T6G 2G1,
    CANADA}
}

@article{hu2013convergence,
  title={{Convergence and optimality of the adaptive nonconforming
    linear element method for the Stokes problem}},
  author={Hu, Jun and Xu, Jinchao},
  journal={Journal of Scientific Computing},
  volume={55},
  number={1},
  pages={125--148},
  year={2013},
  publisher={Springer}
}

@article{wang2013minimal,
  title={Minimal finite element spaces for $2m$-th-order partial
    differential equations in $\mathbb{R}^n$},
  author={Wang, Ming and Xu, Jinchao},
  journal={Mathematics of Computation},
  volume={82},
  number={281},
  pages={25--43},
  year={2013}
}

@article{zhong2013two,
  title={{Two-grid methods for time-harmonic Maxwell equations}},
  author={Zhong, Liuqiang and Shu, Shi and Wang, Junxian and Xu,
    Jinchao},
  journal={Numerical Linear Algebra with Applications},
  volume={20},
  number={1},
  pages={93--111},
  year={2013},
  publisher={Wiley Online Library}
}

@article{yu2013analysis,
  title={Analysis of a two-level method for anisotropic diffusion
    equations on aligned and nonaligned grids},
  author={Yu, Guozhu and Xu, Jinchao and Zikatanov, Ludmil T},
  journal={Numerical Linear Algebra with Applications},
  volume={20},
  number={5},
  pages={832--851},
  year={2013},
  publisher={Wiley Online Library}
}

%%%%%%%%%%%%%%%%%%%%%%%%%%%%%%%%%%%%%%%%%%%%%%%%%%%%%%%%
%% Year: 2012 
%%%%%%%%%%%%%%%%%%%%%%%%%%%%%%%%%%%%%%%%%%%%%%%%%%%%%%%%

@article{chen2012local,
  title={Local multilevel preconditioners for elliptic equations with
  jump coefficients on bisection grids},
  author={Chen, Long and Holst, Michael and Xu, Jinchao and Zhu,
    Yunrong},
  journal={Computing and Visualization in Science},
  volume={15},
  number={5},
  pages={271--289},
  year={2012},
  publisher={Springer}
}

@article{hong2012discontinuous,
  title={{A discontinuous Galerkin method for the fourth-order curl
    problem}},
  author={Hong, Qingguo and Hu, Jun and Shu, Shi and Xu, Jinchao},
  journal={Journal of Computational Mathematics},
  volume={30},
  number={6},
  year={2012}
}

@article{wu2012convergence,
  title={{Convergence analysis of V-Cycle multigrid methods for
    anisotropic elliptic equations}},
  author={Wu, Yongke and Chen, Long and Xie, Xiaoping and Xu,
    Jinchao},
  journal={IMA Journal of Numerical Analysis},
  volume={32},
  number={4},
  pages={1329--1347},
  year={2012},
  publisher={Oxford University Press}
}


@article{chen2012optimal,
  title={Optimal multilevel methods for graded bisection grids},
  author={Chen, Long and Nochetto, Ricardo H and Xu, Jinchao},
  journal={Numerische Mathematik},
  volume={120},
  number={1},
  pages={1--34},
  year={2012},
  publisher={Springer}
}

@article{heumann2012fully,
  title={{Fully discrete semi-Lagrangian methods for advection of
    differential forms}},
  author={Heumann, Holger and Hiptmair, Ralf and Li, Kun and Xu,
    Jinchao},
  journal={BIT Numerical Mathematics},
  volume={52},
  number={4},
  pages={981--1007},
  year={2012},
  publisher={Springer}
}

@article{hu2012convergence,
  title={{Convergence and optimality of the adaptive Morley element
    method}},
  author={Hu, Jun and Shi, Zhongci and Xu, Jinchao},
  journal={Numerische Mathematik},
  volume={121},
  number={4},
  pages={731--752},
  year={2012},
  publisher={Springer}
}

@article{xu2012method,
	title={The method of subspace correctionsff},
	author={Xu, Jinchao},
	journal={Partial Differential Equations},
	volume={7},
	pages={335},
	year={2012},
	publisher={Elsevier}
}

@article{xu2012improved,
	title={Improved total variation minimization method for compressive sensing by intra-prediction},
	author={Xu, Jie and Ma, Jianwei and Zhang, Dongming and Zhang, Yongdong and Lin, Shouxun},
	journal={Signal processing},
	volume={92},
	number={11},
	pages={2614--2623},
	year={2012},
	publisher={Elsevier}
}

@article{xu2012norms,
	title={Norms of Discrete Trace Functions of ($\Omega$) and ($\Omega$)},
	author={Xu, Jinchao and Zhang, Shuo},
	journal={Computational Methods in Applied Mathematics},
	volume={12},
	number={4},
	pages={500--512},
	year={2012},
	publisher={De Gruyter}
}
%%%%%%%%%%%%%%%%%%%%%%%%%%%%%%%%%%%%%%%%%%%%%%%%%%%%%%%%
%% Year: 2011 
%%%%%%%%%%%%%%%%%%%%%%%%%%%%%%%%%%%%%%%%%%%%%%%%%%%%%%%%

@incollection{xu2011robust,
  title={Robust preconditioner for $H(curl)$ interface problems},
  author={Xu, Jinchao and Zhu, Yunrong},
  booktitle={Domain Decomposition Methods in Science and Engineering
    XIX},
  pages={173--180},
  year={2011},
  publisher={Springer}
}

@article{lee2011stable,
  title={Stable finite element discretizations for viscoelastic flow
    models},
  author={Lee, Young-Ju and Xu, Jinchao and Zhang, Chen-Song},
  journal={Handbook of numerical analysis},
  volume={16},
  pages={371--433},
  year={2011}
}

@article{lee2011global,
  title={Global existence, uniqueness and optimal solvers of
    discretized viscoelastic flow models},
  author={Lee, Young-Ju and Xu, Jinchao and Zhang, Chen-Song},
  journal={Mathematical Models and Methods in Applied Sciences},
  volume={21},
  number={08},
  pages={1713--1732},
  year={2011},
  publisher={World Scientific}
}

@article{xie2011new,
  title={{New mixed finite elements for plane elasticity and Stokes
    equations}},
  author={Xie, XiaoPing and Xu, Jinchao},
  journal={Science China Mathematics},
  volume={54},
  number={7},
  pages={1499--1519},
  year={2011},
  publisher={Springer}
}

@inproceedings{hu2011development,
  title={Development of a fast auxiliary subspace pre-conditioner for
  numerical reservoir simulators},
  author={Hu, Xiaozhe and Liu, Wei and Qin, Guan and Xu, Jinchao and
    Zhang, Zhensong and others},
  booktitle={SPE Reservoir Characterisation and Simulation Conference
  and Exhibition},
  year={2011},
  organization={Society of Petroleum Engineers}
}

@article{zheng2011nonconforming,
  title={A nonconforming finite element method for fourth order curl
    equations in $\mathbb{R}^3$},
  author={Zheng, Bin and Hu, Qiya and Xu, Jinchao},
  journal={Mathematics of Computation},
  volume={80},
  number={276},
  pages={1871--1886},
  year={2011}
}

@article{jia2011effects,
  title={{Effects of integrations and adaptivity for the
    Eulerian-lagrangian method}},
  author={Jia, Jiwei and Hu, Xiaozhe and Xu, Jinchao and Zhang,
    Chen-Song},
  journal={Journal of Computational Mathematics},
  volume={29},
  number={4},
  year={2011}
}

%%%%%%%%%%%%%%%%%%%%%%%%%%%%%%%%%%%%%%%%%%%%%%%%%%%%%%%%
%% Year: 2010 
%%%%%%%%%%%%%%%%%%%%%%%%%%%%%%%%%%%%%%%%%%%%%%%%%%%%%%%%

@article{sun2010combined,
  title={A combined finite element-upwind finite volume method for
    liquid-feed direct methanol fuel cell simulations},
  author={Sun, Pengtao and Wang, Chaoyang and Xu, Jinchao},
  journal={Journal of Fuel Cell Science and Technology},
  volume={7},
  number={4},
  pages={041010},
  year={2010},
  publisher={American Society of Mechanical Engineers}
}

@inproceedings{xu2010fast,
  title={Fast Poisson-based solvers for linear and nonlinear PDEs},
  author={Xu, Jinchao},
  booktitle={Proceedings of the International Congress of
    Mathematics},
  volume={4},
  pages={2886--2912},
  year={2010}
}

@article{sun2010numerical,
  title={Numerical studies of adaptive finite element methods for two
  dimensional convection-dominated problems},
  author={Sun, Pengtao and Chen, Long and Xu, Jinchao},
  journal={Journal of Scientific Computing},
  volume={43},
  number={1},
  pages={24--43},
  year={2010},
  publisher={Springer}
}

@article{vogel2010generalization,
  title={A generalization of the vertex-centered finite volume scheme
  to arbitrary high order},
  author={Vogel, Andreas and Xu, Jinchao and Wittum, Gabriel},
  journal={Computing and visualization in science},
  volume={13},
  number={5},
  pages={221--228},
  year={2010},
  publisher={Springer}
}

@article{zhong2010convergence,
  title={Convergence of adaptive edge finite element methods for $H
    (curl)$-elliptic problems},
  author={Zhong, Liuqiang and Shu, Shi and Chen, Long and Xu,
    Jinchao},
  journal={Numerical Linear Algebra with Applications},
  volume={17},
  number={2-3},
  pages={415--432},
  year={2010},
  publisher={Wiley Online Library}
}

%%%%%%%%%%%%%%%%%%%%%%%%%%%%%%%%%%%%%%%%%%%%%%%%%%%%%%%%
%% Year: 2009
%%%%%%%%%%%%%%%%%%%%%%%%%%%%%%%%%%%%%%%%%%%%%%%%%%%%%%%%

@article{sun2009phase,
  title={Phase field model of thermo-induced marangoni effects in the
  mixtures and its numerical simulations with mixed finite element
    method},
  author={Sun, Pengtao and Liu, Chun and Xu, Jinchao},
  journal={Communications in Computational Physics},
  volume={6},
  number={5},
  pages={1095},
  year={2009}
}

@article{cai2009numerical,
  title={{Numerical solution to a mixed Navier-Stokes/Darcy model by
    the two-grid approach}},
  author={Cai, Mingchao and Mu, Mo and Xu, Jinchao},
  journal={SIAM Journal on Numerical Analysis},
  volume={47},
  number={5},
  pages={3325--3338},
  year={2009},
  publisher={SIAM}
}

@article{cai2009preconditioning,
  title={{Preconditioning techniques for a mixed Stokes/Darcy model in
  porous media applications}},
  author={Cai, Mingchao and Mu, Mo and Xu, Jinchao},
  journal={Journal of computational and applied mathematics},
  volume={233},
  number={2},
  pages={346--355},
  year={2009},
  publisher={Elsevier}
}

@article{chen2009convergence,
  title={Convergence and optimality of adaptive mixed finite element
    methods},
  author={Chen, Long and Holst, Michael and Xu, Jinchao},
  journal={Mathematics of Computation},
  volume={78},
  number={265},
  pages={35--53},
  year={2009}
}

@article{hiptmair2009preface,
  title={Preface: special issue on adaptive and multilevel methods in
  computational electromagnetics},
  author={Hiptmair, Ralf and Xu, Jinchao},
  journal={Journal of Computational Mathematics},
  volume={5},
  pages={000},
  year={2009},
  publisher={Chinese Academy of Mathematices and System Sciences
    (AMSS) Chinese Academy of Sciences}
}

@article{sun2009new,
  title={New numerical techniques for a three-dimensional liquid-feed
  direct methanol fuel cell model},
  author={Sun, Pengtao and Xue, Guangri and Wang, Chaoyang and Xu,
    Jinchao},
  journal={SIAM Journal on Applied Mathematics},
  volume={70},
  number={2},
  pages={600--620},
  year={2009},
  publisher={SIAM}
}

@article{sun2009domain,
  title={A domain decomposition method for two-phase transport model
    in the cathode of a polymer electrolyte fuel cell},
  author={Sun, Pengtao and Xue, Guangri and Wang, Chao-yang and Xu,
    Jinchao},
  journal={Journal of Computational Physics},
  volume={228},
  number={16},
  pages={6016--6036},
  year={2009},
  publisher={Elsevier}
}

@incollection{tuminaro2009auxiliary,
  title={Auxiliary space preconditioners for mixed finite element
    methods},
  author={Tuminaro, Ray S and Xu, Jinchao and Zhu, Yunrong},
  booktitle={Domain decomposition methods in science and engineering
    XVIII},
  pages={99--109},
  year={2009},
  publisher={Springer}
}

@article{xu2009analysis,
  title={Analysis of linear and quadratic simplicial finite volume
    methods for elliptic equations},
  author={Xu, Jinchao and Zou, Qingsong},
  journal={Numerische Mathematik},
  volume={111},
  number={3},
  pages={469--492},
  year={2009},
  publisher={Springer}
}
@inproceedings{xu2009optimal,
  title={Optimal algorithms for discretized partial differential
    equations},
  author={Xu, Jinchao},
  booktitle={ICIAM 07--6th International Congress on Industrial and
    Applied Mathematics},
  pages={409--444},
  year={2009}
}

@article{zhong2009optimal,
  title={{Optimal error estimates for Nedelec edge elements for
    time-harmonic Maxwell's equations}},
  author={Zhong, Liuqiang and Shu, Shi and Wittum, Gabriel and Xu,
    Jinchao},
  journal={Journal of Computational Mathematics},
  pages={563--572},
  year={2009},
  publisher={JSTOR}
}

@article{sun2009fast,
  title={Fast numerical simulation of two-phase transport model in the
  cathode of a polymer electrolyte fuel cell},
  author={Sun, Pengtao and Xue, Guangri and Wang, Chaoyang and Xu,
    Jinchao},
  journal={Communications in computational physics},
  volume={6},
  number={1},
  pages={49},
  year={2009}
}


%%%%%%%%%%%%%%%%%%%%%%%%%%%%%%%%%%%%%%%%%%%%%%%%%%%%%%%%
%% Year: 2008 
%%%%%%%%%%%%%%%%%%%%%%%%%%%%%%%%%%%%%%%%%%%%%%%%%%%%%%%%

@inproceedings{sun2008combined,
  title={{A combined finite element-upwind finite volume-Newton‚Äôs
    method for liquid-feed direct methanol fuel cell simulations}},
  author={Sun, Pengtao and Xue, Guangri and Wang, Chaoyang and Xu,
    Jinchao},
  booktitle={ASME 2008 6th International Conference on Fuel Cell
    Science, Engineering and Technology},
  pages={851--864},
  year={2008},
  organization={American Society of Mechanical Engineers}
}

@article{shu2008multilevel,
  title={Multilevel preconditioning methods for discrete models of
    lattice block materials},
  author={Shu, Shi and Babu{\v{s}}ka, Ivo and Xiao, Yingxiong and Xu,
  Jinchao and Zikatanov, Ludmil},
  journal={SIAM Journal on Scientific Computing},
  volume={31},
  number={1},
  pages={687--707},
  year={2008},
  publisher={SIAM}
}
@article{hiptmair2008auxiliary,
  title={Auxiliary space preconditioning for edge elements},
  author={Hiptmair, Ralf and Xu, Jinchao},
  journal={IEEE Transactions on Magnetics},
  volume={44},
  number={6},
  pages={938--941},
  year={2008},
  publisher={IEEE}
}
@article{chen2008stability,
  title={Stability and accuracy of adapted finite element methods for
  singularly perturbed problems},
  author={Chen, Long and Xu, Jinchao},
  journal={Numerische Mathematik},
  volume={109},
  number={2},
  pages={167--191},
  year={2008},
  publisher={Springer}
}
@article{cho2008new,
  title={New estimates for the rate of convergence of the method of
    subspace corrections},
  author={Cho, Durkbin and Xu, Jinchao and Zikatanov, Ludmil},
  journal={Numer. Math. Theory Methods Appl},
  volume={1},
  number={1},
  pages={44--56},
  year={2008}
}
@article{dai2008convergence,
  title={Convergence and optimal complexity of adaptive finite element
  eigenvalue computations},
  author={Dai, Xiaoying and Xu, Jinchao and Zhou, Aihui},
  journal={Numerische Mathematik},
  volume={110},
  number={3},
  pages={313--355},
  year={2008},
  publisher={Springer}
}
@article{he2008local,
  title={{Local and parallel finite element algorithms for the Stokes
    problem}},
  author={He, Yinnian and Xu, Jinchao and Zhou, Aihui and Li, Jian},
  journal={Numerische Mathematik},
  volume={109},
  number={3},
  pages={415--434},
  year={2008},
  publisher={Springer}
}

@article{huang2008superconvergence,
  title={Superconvergence of quadratic finite elements on mildly
    structured grids},
  author={Huang, Yunqing and Xu, Jinchao},
  journal={Mathematics of computation},
  volume={77},
  number={263},
  pages={1253--1268},
  year={2008}
}

@article{lee2008sharp,
  title={A sharp convergence estimate for the method of subspace
    corrections for singular systems of equations},
  author={Lee, Young-Ju and Wu, Jinbiao and Xu, Jinchao and Zikatanov,
  Ludmil},
  journal={Mathematics of Computation},
  volume={77},
  number={262},
  pages={831--850},
  year={2008}
}

@article{wu2008convergence,
  title={Convergence analysis on iterative methods for semidefinite
    systems},
  author={Wu, Jinbiao and Lee, Young-Ju and Xu, Jinchao and Zikatanov,
  Ludmil},
  journal={Journal of Computational Mathematics},
  pages={797--815},
  year={2008},
  publisher={JSTOR}
}

@article{xie2008uniformly,
  title={{Uniformly-stable finite element methods for
    Darcy-Stokes-Brinkman models}},
  author={Xie, Xiaoping and Xu, Jinchao and Xue, Guangri},
  journal={Journal of Computational Mathematics},
  pages={437--455},
  year={2008},
  publisher={JSTOR}
}

@article{xu2008uniform,
  title={Uniform convergent multigrid methods for elliptic problems
    with strongly discontinuous coefficients},
  author={Xu, Jinchao and Zhu, Yunrong},
  journal={Mathematical Models and Methods in Applied Sciences},
  volume={18},
  number={01},
  pages={77--105},
  year={2008},
  publisher={World Scientific}
}

%%%%%%%%%%%%%%%%%%%%%%%%%%%%%%%%%%%%%%%%%%%%%%%%%%%%%%%%
%% Year: 2007 
%%%%%%%%%%%%%%%%%%%%%%%%%%%%%%%%%%%%%%%%%%%%%%%%%%%%%%%%
@article{chen2007optimal,
  title={Optimal anisotropic meshes for minimizing interpolation
  errors in $L^p$-norm},
  author={Chen, Long and Sun, Pengtao and Xu, Jinchao},
  journal={Mathematics of Computation},
  volume={76},
  number={257},
  pages={179--204},
  year={2007}
}

@article{bank2007superconvergent,
  title={{Superconvergent derivative recovery for Lagrange triangular
    elements of degree $p$ on unstructured grids}},
  author={Bank, Randolph E and Xu, Jinchao and Zheng, Bin},
  journal={SIAM Journal on Numerical Analysis},
  volume={45},
  number={5},
  pages={2032--2046},
  year={2007},
  publisher={SIAM}
}

@article{chen2007finite,
  title={{The finite element approximation of the nonlinear
    Poisson-Boltzmann equation}},
  author={Chen, Long and Holst, Michael J and Xu, Jinchao},
  journal={SIAM journal on numerical analysis},
  volume={45},
  number={6},
  pages={2298--2320},
  year={2007},
  publisher={SIAM}
}

@article{hiptmair2007nodal,
  title={{Nodal auxiliary space preconditioning in $H(curl)$ and
    $H(div)$ spaces}},
  author={Hiptmair, Ralf and Xu, Jinchao},
  journal={SIAM Journal on Numerical Analysis},
  volume={45},
  number={6},
  pages={2483--2509},
  year={2007},
  publisher={SIAM}
}

@article{lee2007robust,
  title={Robust subspace correction methods for nearly singular
    systems},
  author={Lee, Young-Ju and Wu, Jinbiao and Xu, Jinchao and Zikatanov,
  Ludmil},
  journal={Mathematical Models and Methods in Applied Sciences},
  volume={17},
  number={11},
  pages={1937--1963},
  year={2007},
  publisher={World Scientific}
}

@article{mu2007two,
  title={{A two-grid method of a mixed Stokes-Darcy model for coupling
  fluid flow with porous media flow}},
  author={Mu, Mo and Xu, Jinchao},
  journal={SIAM journal on numerical analysis},
  volume={45},
  number={5},
  pages={1801--1813},
  year={2007},
  publisher={SIAM}
}

@article{sun2007new,
  title={A new adaptive local mesh refinement algorithm and its
    application on fourth order thin film flow problem},
  author={Sun, Pengtao and Russell, Robert D and Xu, Jinchao},
  journal={Journal of Computational Physics},
  volume={224},
  number={2},
  pages={1021--1048},
  year={2007},
  publisher={Elsevier}
}

@article{wang2007new,
  title={A new class of Zienkiewicz-type non-conforming element in any
  dimensions},
  author={Wang, Ming and Shi, Zhong-ci and Xu, Jinchao},
  journal={Numerische Mathematik},
  volume={106},
  number={2},
  pages={335--347},
  year={2007},
  publisher={Springer}
}

@article{wang2007some,
  title={Some n-rectangle nonconforming elements for fourth order
    elliptic equations},
  author={Wang, Ming and Shi, Zhong-Ci and Xu, Jinchao},
  journal={Journal of Computational Mathematics},
  pages={408--420},
  year={2007},
  publisher={JSTOR}
}

@article{ming2007nonconforming,
	title={Nonconforming tetrahedral finite elements for fourth order
	elliptic equations},
	author={Ming, Wang and Xu, Jinchao},
	journal={Mathematics of computation},
	volume={76},
	number={257},
	pages={1--18},
	year={2007}
}




%%%%%%%%%%%%%%%%%%%%%%%%%%%%%%%%%%%%%%%%%%%%%%%%%%%%%%%%
%% Year: 2006 
%%%%%%%%%%%%%%%%%%%%%%%%%%%%%%%%%%%%%%%%%%%%%%%%%%%%%%%%


@article{caflisch2006application,
  title={An application of multigrid methods for a discrete elastic
    model for epitaxial systems},
  author={Caflisch, Russel E and Lee, Y-J and Shu, Shi and Xiao, Y-X
    and Xu, Jinchao},
  journal={Journal of Computational Physics},
  volume={219},
  number={2},
  pages={697--714},
  year={2006},
  publisher={Elsevier}
}

@article{he2006local,
  title={Local and parallel finite element algorithms for the
    Navier-Stokes problem},
  author={He, Yinnian and Xu, Jinchao and Zhou, Aihui},
  journal={Journal of Computational Mathematics},
  pages={227--238},
  year={2006},
  publisher={JSTOR}
}
@article{jin2006two,
  title={A two-grid discretization method for decoupling systems of
    partial differential equations},
  author={Jin, Jicheng and Shu, Shi and Xu, Jinchao},
  journal={Mathematics of computation},
  volume={75},
  number={256},
  pages={1617--1626},
  year={2006}
}
@article{lee2006convergence,
  title={On the convergence of iterative methods for semidefinite
    linear systems},
  author={Lee, Young-Ju and Wu, Jinbiao and Xu, Jinchao and Zikatanov,
  Ludmil},
  journal={SIAM journal on matrix analysis and applications},
  volume={28},
  number={3},
  pages={634--641},
  year={2006},
  publisher={SIAM}
}

%%%%%%%%%%%%%%%%%%%%%%%%%%%%%%%%%%%%%%%%%%%%%%%%%%%%%%%%
%% Year: 2005
%%%%%%%%%%%%%%%%%%%%%%%%%%%%%%%%%%%%%%%%%%%%%%%%%%%%%%%%
@article{sopuerta2005toy,
	title={A toy model for testing finite element methods to simulate extreme-mass-ratio binary systems},
	author={Sopuerta, Carlos F and Sun, Pengtao and Laguna, Pablo and Xu, Jinchao},
	journal={Classical and Quantum Gravity},
	volume={23},
	number={1},
	pages={251},
	year={2005},
	publisher={IOP Publishing}
}

@article{bacuta2005partition,
	title={Partition of unity method on nonmatching grids for the Stokes problem},
	author={Bacuta, Constantin and Chen, Jinru and Huang, Yunqing and Xu, Jinchao and Zikatanov, L},
	year={2005},
	publisher={Walter de Gruyter Genthiner Strasse 13 10875 Berlin Germany}
}

@article{buacuctua2005improving,
	title={Improving the rate of convergence of ‚Äòhigh order finite elements‚Äô on polygons and domains with cusps},
	author={B{\u{a}}cu{\c{t}}{\u{a}}, Constantin and Nistor, Victor and Zikatanov, Ludmil T},
	journal={Numerische Mathematik},
	volume={100},
	number={2},
	pages={165--184},
	year={2005},
	publisher={Springer}
}

@incollection{chen2005multilevel,
	title={Multilevel homotopic adaptive finite element methods for convection dominated problems},
	author={Chen, Long and Sun, Pengtao and Xu, Jinchao},
	booktitle={Domain decomposition methods in science and engineering},
	pages={459--468},
	year={2005},
	publisher={Springer}
}

@article{chen2005optimal,
	title={An optimal streamline diffusion finite element method for a singularly perturbed problem},
	author={Chen, Long and Xu, Jinchao},
	publisher={Citeseer}
}
%%%%%%%%%%%%%%%%%%%%%%%%%%%%%%%%%%%%%%%%%%%%%%%%%%%%%%%%
%% Year: 2004
%%%%%%%%%%%%%%%%%%%%%%%%%%%%%%%%%%%%%%%%%%%%%%%%%%%%%%%%
@article{xu2004energy,
	title={On an energy minimizing basis for algebraic multigrid methods},
	author={Xu, Jinchao and Zikatanov, Ludmil},
	journal={Computing and Visualization in Science},
	volume={7},
	number={3},
	pages={121--127},
	year={2004},
	publisher={Springer}
}

@article{kim2004uniformly,
	title={Uniformly convergent multigrid methods for convection--diffusion problems without any constraint on coarse grids},
	author={Kim, Hwanho and Xu, Jinchao and Zikatanov, Ludmil},
	journal={Advances in Computational Mathematics},
	volume={20},
	number={4},
	pages={385--399},
	year={2004},
	publisher={Springer}
}

@article{chen2004optimal,
	title={Optimal delaunay triangulations},
	author={Chen, Long and Xu, Jin-chao},
	journal={Journal of Computational Mathematics},
	pages={299--308},
	year={2004},
	publisher={JSTOR}
}

@article{kim2004bochniak,
	title={Bochniak, M., The dual singular function method for 2D boundary integral equations 20 (2004) 293 Carnicer, JM and M. Gasca, Classification of bivariate configurations with simple Lagrange interpolation formulae 20 (2004) 5 Chen, Q. and Y. Xu, The cascade algorithm for the numerical computation},
	author={Kim, H and Xu, J and Zikatanov, L},
	journal={Advances in Computational Mathematics},
	volume={20},
	pages={427--428},
	year={2004},
	publisher={Springer}
}

@article{xu2004analysis,
	title={Analysis of recovery type a posteriori error estimators for mildly structured grids},
	author={Xu, Jinchao and Zhang, Zhimin},
	journal={Mathematics of Computation},
	volume={73},
	number={247},
	pages={1139--1152},
	year={2004}
}

%%%%%%%%%%%%%%%%%%%%%%%%%%%%%%%%%%%%%%%%%%%%%%%%%%%%%%%%
%% Year: 2003
%%%%%%%%%%%%%%%%%%%%%%%%%%%%%%%%%%%%%%%%%%%%%%%%%%%%%%%%
@article{bacuta2003regularity,
	title={Regularity estimates for elliptic boundary value problems with smooth data on polygonal domains},
	author={Bacuta, Constantin and Bramble, James H and Xu, Jinchao},
	year={2003},
	publisher={Walter de Gruyter Genthiner Strasse 13 10875 Berlin Germany}
}

@article{xu2003some,
	title={Some observations on Babu$\backslash$vs$\}$ ka and Brezzi theories},
author={Xu, Jinchao and Zikatanov, Ludmil},
journal={Numerische Mathematik},
volume={94},
number={1},
pages={195--202},
year={2003},
publisher={Springer}
}


@article{shi2003kind,
	title={A kind of semi-coarsing AMG method for two dimensional energy equations with three temperatures},
	author={Shi, Xiao Yingxiong Shu and Pingwen, Zhang and Zeyao, Mo and Jinchao, Xu},
	journal={Journal of Numerical Methods and Computer Applications},
	year={2003}
}


@article{xu2003combined,
	title={Combined discrete finite element multiscale numerical method and its application},
	author={Xu, J-l and Tang, Z-p},
	journal={Chinese Journal of Computational Physics},
	volume={20},
	number={6},
	pages={477--482},
	year={2003},
	publisher={UNKNOWN}
}


@incollection{xu2003multigrid,
	title={On multigrid methods for generalized finite element methods},
	author={Xu, Jinchao and Zikatanov, Ludmil T},
	booktitle={Meshfree methods for partial differential equations},
	pages={401--418},
	year={2003},
	publisher={Springer}
}

@article{kim2003multigrid,
	title={A multigrid method based on graph matching for convection--diffusion equations},
	author={Kim, HwanHo and Xu, Jinchao and Zikatanov, Ludmil},
	journal={Numerical linear algebra with applications},
	volume={10},
	number={1-2},
	pages={181--195},
	year={2003},
	publisher={Wiley Online Library}
}

@article{bacuta2003regularity,
	title={Regularity estimates for elliptic boundary value problems in Besov spaces},
	author={Bacuta, Constantin and Bramble, James and Xu, Jinchao},
	journal={Mathematics of Computation},
	volume={72},
	number={244},
	pages={1577--1595},
	year={2003}
}

@article{huang2003conforming,
	title={A conforming finite element method for overlapping and nonmatching grids},
	author={Huang, Yunqing and Xu, Jinchao},
	journal={Mathematics of Computation},
	volume={72},
	number={243},
	pages={1057--1066},
	year={2003}
}

@article{bank2003asymptotically,
	title={Asymptotically exact a posteriori error estimators, Part II: General unstructured grids},
	author={Bank, Randolph E and Xu, Jinchao},
	journal={SIAM Journal on Numerical Analysis},
	volume={41},
	number={6},
	pages={2313--2332},
	year={2003},
	publisher={SIAM}
}

@article{bank2003asymptotically,
	title={Asymptotically exact a posteriori error estimators, part I: Grids with superconvergence},
	author={Bank, Randolph E and Xu, Jinchao},
	journal={SIAM Journal on Numerical Analysis},
	volume={41},
	number={6},
	pages={2294--2312},
	year={2003},
	publisher={SIAM}
}

%%%%%%%%%%%%%%%%%%%%%%%%%%%%%%%%%%%%%%%%%%%%%%%%%%%%%%%%
%% Year: 2002
%%%%%%%%%%%%%%%%%%%%%%%%%%%%%%%%%%%%%%%%%%%%%%%%%%%%%%%%
@article{wu2002newton,
	title={Newton-Krylov-Multigrid algorithms for battery simulation},
	author={Wu, J and Srinivasan, Venkat and Xu, Jinchao and Wang, CY},
	journal={Journal of the electrochemical society},
	volume={149},
	number={10},
	pages={A1342},
	year={2002},
	publisher={IOP Publishing}
}

@article{xu2002local,
	title={Local and parallel finite element algorithms for eigenvalue problems},
	author={Xu, Jinchao and Zhou, Aihui},
	journal={Acta Mathematicae Applicatae Sinica},
	volume={18},
	number={2},
	pages={185--200},
	year={2002},
	publisher={Springer}
}

@article{xu2002method,
	title={The method of subspace corrections and the method of alternating projections in Hilbert space},
	author={Xu, J and Zikatanov, L},
	journal={J. Amer. Math. Soc},
	volume={15},
	number={3},
	pages={573--597},
	year={2002}
}

@article{xu2002some,
	title={Some multiscale methods for partial differential equations},
	year={2002}
}


@incollection{shu2002algebraic,
	title={Algebraic multigrid method on lattice block materials},
	author={Shu, Shi and Xu, Jinchao and Xiao, Yingxiong and Zikatanov, Ludmil},
	booktitle={Recent Progress in Computational and Applied PDES},
	pages={289--307},
	year={2002},
	publisher={Springer}
}

@article{tai2002global,
	title={Global and uniform convergence of subspace correction methods for some convex optimization problems},
	author={Tai, Xue-Cheng and Xu, Jinchao},
	journal={Mathematics of Computation},
	volume={71},
	number={237},
	pages={105--124},
	year={2002}
}

@article{xu2002method,
	title={The method of alternating projections and the method of subspace corrections in Hilbert space},
	author={Xu, Jinchao and Zikatanov, Ludmil},
	journal={Journal of the American Mathematical Society},
	volume={15},
	number={3},
	pages={573--597},
	year={2002}
}
%%%%%%%%%%%%%%%%%%%%%%%%%%%%%%%%%%%%%%%%%%%%%%%%%%%%%%%%
%% Year: 2001
%%%%%%%%%%%%%%%%%%%%%%%%%%%%%%%%%%%%%%%%%%%%%%%%%%%%%%%%
@article{xu2001local,
	title={Local and parallel finite element algorithms based on two-grid discretizations for nonlinear problems},
	author={Xu, Jinchao and Zhou, Aihui},
	journal={Advances in Computational Mathematics},
	volume={14},
	number={4},
	pages={293--327},
	year={2001},
	publisher={Springer}
}

@article{xu2001method,
	title={The method of subspace corrections},
	author={Xu, Jinchao},
	journal={Journal of Computational and Applied Mathematics},
	volume={128},
	number={1-2},
	pages={335--362},
	year={2001},
	publisher={Elsevier}
}

@article{xu2001convergence,
	title={Convergence of an explicit upwind finite element method to multi-dimensional conservation laws},
	author={Xu, Jin-chao and Ying, Lung-an},
	journal={Journal of Computational Mathematics},
	pages={87--100},
	year={2001},
	publisher={JSTOR}
}

@article{xu2001two,
	title={A two-grid discretization scheme for eigenvalue problems},
	author={Xu, Jinchao and Zhou, Aihui},
	journal={Mathematics of Computation},
	volume={70},
	number={233},
	pages={17--25},
	year={2001}
}

%%%%%%%%%%%%%%%%%%%%%%%%%%%%%%%%%%%%%%%%%%%%%%%%%%%%%%%%
%% Year: 2000
%%%%%%%%%%%%%%%%%%%%%%%%%%%%%%%%%%%%%%%%%%%%%%%%%%%%%%%%
@article{xu2000local,
	title={Local and parallel finite element algorithms based on two-grid discretizations},
	author={Xu, Jinchao and Zhou, Aihui},
	journal={Mathematics of Computation},
	volume={69},
	number={231},
	pages={881--909},
	year={2000}
}

@article{shen2000finite,
	title={A finite element multigrid preconditioner for Chebyshev--collocation methods},
	author={Shen, Jie and Wang, Feng and Xu, Jinchao},
	journal={Applied Numerical Mathematics},
	volume={33},
	number={1-4},
	pages={471--477},
	year={2000},
	publisher={Elsevier}
}

%%%%%%%%%%%%%%%%%%%%%%%%%%%%%%%%%%%%%%%%%%%%%%%%%%%%%%%%
%% Year: 1999
%%%%%%%%%%%%%%%%%%%%%%%%%%%%%%%%%%%%%%%%%%%%%%%%%%%%%%%%
@article{xu1999monotone,
	title={A monotone finite element scheme for convection-diffusion equations},
	author={Xu, Jinchao and Zikatanov, Ludmil},
	journal={Mathematics of Computation},
	volume={68},
	number={228},
	pages={1429--1446},
	year={1999}
}

@article{wang1999crosswind,
	title={A crosswind block iterative method for convection-dominated problems},
	author={Wang, Feng and Xu, Jinchao},
	journal={SIAM Journal on Scientific Computing},
	volume={21},
	number={2},
	pages={620--645},
	year={1999},
	publisher={SIAM}
}

@article{shen1999schur,
	title={On a Schur complement operator arisen from Navier-Stokes equations and its preconditioning},
	author={Shen, Ling and Xu, Jinchao}
}

@article{keyes1999domain,
	title={Domain decomposition methods in scientific and engineering computing, 1994},
	author={Keyes, David E and Xu, Jinchao},
	journal={Contemporary Mathematics},
	volume={232},
	pages={180--180},
	year={1999},
	publisher={Providence, RI: American Mathematical Society}
}
%%%%%%%%%%%%%%%%%%%%%%%%%%%%%%%%%%%%%%%%%%%%%%%%%%%%%%%%
%% Year: 1998
%%%%%%%%%%%%%%%%%%%%%%%%%%%%%%%%%%%%%%%%%%%%%%%%%%%%%%%%

@article{xu1998some,
	title={Some nonoverlapping domain decomposition methods},
	author={Xu, Jinchao and Zou, Jun},
	journal={SIAM review},
	volume={40},
	number={4},
	pages={857--914},
	year={1998},
	publisher={SIAM}
}

@article{keyes1998domain,
	title={Domain decomposition methods in scientific and engineering computing, 1994},
	author={Keyes, David E and Xu, Jinchao},
	journal={Contemporary Mathematics},
	volume={217},
	pages={180--180},
	year={1998},
	publisher={Providence, RI: American Mathematical Society}
}

@article{tai1998global,
	title={Global convergence of subspace correction methods for convex optimization problems},
	author={Tai, Xue-Cheng and Xu, Jinchao},
	year={1998},
	publisher={Department of Mathematics, University of Bergen}
}

@article{chan1998agglomeration,
	title={An agglomeration multigrid method for unstructured grids},
	author={Chan, Tony F and Xu, Jinchao and Zikatanov, Ludmil},
	journal={Contemporary Mathematics},
	volume={218},
	pages={67--81},
	year={1998},
	publisher={Providence, RI: American Mathematical Society}
}
%%%%%%%%%%%%%%%%%%%%%%%%%%%%%%%%%%%%%%%%%%%%%%%%%%%%%%%%
%% Year: 1997
%%%%%%%%%%%%%%%%%%%%%%%%%%%%%%%%%%%%%%%%%%%%%%%%%%%%%%%%
@article{xu1997introduction,
	title={An introduction to multilevel methods},
	author={Xu, Jinchao},
	journal={Wavelets, multilevel methods and elliptic PDEs},
	pages={213--302},
	year={1997}
}

@article{xu1997preconditioning,
	title={Preconditioning the Poincar{\'e}-Steklov operator by using Green‚Äôs function},
	author={Xu, Jinchao and Zhang, Sheng},
	journal={Mathematics of computation},
	volume={66},
	number={217},
	pages={125--138},
	year={1997}
}

@article{keyes1997domain,
	title={Domain decomposition methods in scientific and engineering computing, 1994},
	author={Keyes, David E and Xu, Jinchao},
	journal={Contemporary Mathematics},
	volume={207},
	pages={180--180},
	year={1997},
	publisher={Providence, RI: American Mathematical Society}
}


%%%%%%%%%%%%%%%%%%%%%%%%%%%%%%%%%%%%%%%%%%%%%%%%%%%%%%%%
%% Year: 1996
%%%%%%%%%%%%%%%%%%%%%%%%%%%%%%%%%%%%%%%%%%%%%%%%%%%%%%%%
@article{xu1996auxiliary,
	title={The auxiliary space method and optimal multigrid preconditioning techniques for unstructured grids},
	author={Xu, Jinchao},
	journal={Computing},
	volume={56},
	number={3},
	pages={215--235},
	year={1996},
	publisher={Springer}
}

@article{xu1996two,
	title={Two-grid discretization techniques for linear and nonlinear PDEs},
	author={Xu, Jinchao},
	journal={SIAM journal on numerical analysis},
	volume={33},
	number={5},
	pages={1759--1777},
	year={1996},
	publisher={SIAM}
}

@article{bank1996algorithm,
	title={An algorithm for coarsening unstructured meshes},
	author={Bank, Randolph E and Xu, Jinchao},
	journal={Numerische Mathematik},
	volume={73},
	number={1},
	pages={1--36},
	year={1996},
	publisher={Springer}
}

@article{chan1996agglomeration,
	title={Agglomeration strategy for unstructured grids},
	author={Chan, T and Zikatanov, Ludmil and Xu, Jinchao},
	journal={Algebraic Multilevel Iteration Methods with Applications: Nijmegen, The Netherlands, June 13-15, 1996},
	volume={1},
	pages={5},
	year={1996},
	publisher={University of Nijmegen}
}
%%%%%%%%%%%%%%%%%%%%%%%%%%%%%%%%%%%%%%%%%%%%%%%%%%%%%%%%
%% Year: 1995
%%%%%%%%%%%%%%%%%%%%%%%%%%%%%%%%%%%%%%%%%%%%%%%%%%%%%%%%
@incollection{bank1995hierarchical,
	title={A hierarchical basis multigrid method for unstructured grids},
	author={Bank, Randolph E and Xu, Jinchao},
	booktitle={Fast Solvers for Flow Problems},
	pages={1--13},
	year={1995},
	publisher={Springer}
}

@article{marion1995error,
	title={Error estimates on a new nonlinear Galerkin method based on two-grid finite elements},
	author={Marion, Martine and Xu, Jinchao},
	journal={SIAM journal on numerical analysis},
	volume={32},
	number={4},
	pages={1170--1184},
	year={1995},
	publisher={SIAM}
}


%%%%%%%%%%%%%%%%%%%%%%%%%%%%%%%%%%%%%%%%%%%%%%%%%%%%%%%%
%% Year: 1994
%%%%%%%%%%%%%%%%%%%%%%%%%%%%%%%%%%%%%%%%%%%%%%%%%%%%%%%%


@article{xu1994novel,
	title={A novel two-grid method for semilinear elliptic equations},
	author={Xu, Jinchao},
	journal={SIAM Journal on Scientific Computing},
	volume={15},
	number={1},
	pages={231--237},
	year={1994},
	publisher={SIAM}
}

@article{xu1994some,
	title={Some remarks on a multigrid preconditioner},
	author={Xu, Jinchao and Qin, Jinshui},
	journal={SIAM Journal on Scientific Computing},
	volume={15},
	number={1},
	pages={172--184},
	year={1994},
	publisher={SIAM}
}

@article{bank1994hierarchical,
	title={The hierarchical basis multigrid method and incomplete LU decomposition},
	author={Bank, Randolph E and Xu, Jinchao},
	year={1994}
}

@article{xu1994some,
	title={Some two-grid finite element methods},
	author={Xu, Jinchao},
	year={1994}
}


%%%%%%%%%%%%%%%%%%%%%%%%%%%%%%%%%%%%%%%%%%%%%%%%%%%%%%%%
%% Year: 1992
%%%%%%%%%%%%%%%%%%%%%%%%%%%%%%%%%%%%%%%%%%%%%%%%%%%%%%%%

@article{xu1992iterative,
	title={Iterative methods by space decomposition and subspace correction},
	author={Xu, Jinchao},
	journal={SIAM review},
	volume={34},
	number={4},
	pages={581--613},
	year={1992},
	publisher={SIAM}
}

@article{xu1992preconditioned,
	title={A preconditioned GMRES method for nonsymmetric or indefinite problems},
	author={Xu, Jinchao and Cai, Xiao-Chuan},
	journal={Mathematics of computation},
	volume={59},
	number={200},
	pages={311--319},
	year={1992}
}

@article{xu1992new,
	title={A new class of iterative methods for nonselfadjoint or indefinite problems},
	author={Xu, Jinchao},
	journal={SIAM journal on numerical analysis},
	volume={29},
	number={2},
	pages={303--319},
	year={1992},
	publisher={SIAM}
}

@article{xu1992galerkin,
	title={Galerkin-wavelet methods for two-point boundary value problems},
	author={Xu, Jin-Chao and Shann, Wei-Chang},
	journal={Numerische Mathematik},
	volume={63},
	number={1},
	pages={123--144},
	year={1992},
	publisher={Springer}
}
%%%%%%%%%%%%%%%%%%%%%%%%%%%%%%%%%%%%%%%%%%%%%%%%%%%%%%%%
%% Year: 1991
%%%%%%%%%%%%%%%%%%%%%%%%%%%%%%%%%%%%%%%%%%%%%%%%%%%%%%%%



@article{bramble1991convergencea,
	title={Convergence estimates for multigrid algorithms without regularity assumptions},
	author={Bramble, James H and Pasciak, Joseph E and Wang, Jun Ping and Xu, Jinchao},
	journal={Mathematics of Computation},
	volume={57},
	number={195},
	pages={23--45},
	year={1991}
}


@article{bramble1991convergenceb,
	title={Convergence estimates for product iterative methods with applications to domain decomposition},
	author={Bramble, James H and Pasciak, Joseph E and Wang, Jun Ping and Xu, Jinchao},
	journal={Mathematics of Computation},
	volume={57},
	number={195},
	pages={1--21},
	year={1991}
}


@article{bramble1991some,
	title={Some estimates for a weighted $L^2$ projection},
	author={Bramble, James H and Xu, Jinchao},
	journal={Mathematics of computation},
	volume={56},
	number={194},
	pages={463--476},
	year={1991}
}


@article{bramble1991analysis,
	title={The analysis of multigrid algorithms with nonnested spaces or noninherited quadratic forms},
	author={Bramble, James H and Pasciak, Joseph E and Xu, Jinchao},
	journal={Mathematics of Computation},
	volume={56},
	number={193},
	pages={1--34},
	year={1991}
}

@article{xu1991counterexamples,
	title={Counterexamples concerning a weighted L$^2$ projection},
	author={Xu, Jinchao},
	journal={mathematics of computation},
	volume={57},
	number={196},
	pages={563--568},
	year={1991}
}

%%%%%%%%%%%%%%%%%%%%%%%%%%%%%%%%%%%%%%%%%%%%%%%%%%%%%%%%
%% Year: 1990
%%%%%%%%%%%%%%%%%%%%%%%%%%%%%%%%%%%%%%%%%%%%%%%%%%%%%%%%


@article{bramble1990parallel,
	title={Parallel multilevel preconditioners},
	author={Bramble, James H and Pasciak, Joseph E and Xu, Jinchao},
	journal={Mathematics of computation},
	volume={55},
	number={191},
	pages={1--22},
	year={1990}
}

@article{bramble1989local,
	title={A local post-processing technique for improving the accuracy in mixed finite-element approximations},
	author={Bramble, James H and Xu, Jinchao},
	journal={SIAM journal on numerical analysis},
	volume={26},
	number={6},
	pages={1267--1275},
	year={1989},
	publisher={SIAM}
}

@article{xu1989theory,
	title={Theory of Multilevel Methods},
	author={Xu, Jinchao},
	year={1989}
}


@article{bramble1988analysis,
	title={The analysis of multigrid algorithms for nonsymmetric and indefinite elliptic problems},
	author={Bramble, James H and Pasciak, Joseph E and Xu, Jinchao},
	journal={Mathematics of Computation},
	volume={51},
	number={184},
	pages={389--414},
	year={1988}
}

@article{qun1985linear,
	title={Linear finite elements with high accuracy},
	author={Qun, Lin and Jin-Chao, Xu},
	journal={Journal of Computational Mathematics},
	volume={3},
	number={2},
	pages={115--133},
	year={1985},
	publisher={JSTOR}
}

%%%%%%%%%%%%%%%%%%%%%%%%%%%%%%%%%%%%%%%%%%%%%%%%%%%%%%%%
%% Year: 1982
%%%%%%%%%%%%%%%%%%%%%%%%%%%%%%%%%%%%%%%%%%%%%%%%%%%%%%%%

@article{xu1982error,
	title={Error estimates of the finite element method for the 2nd order elliptic equations with discontinuous coefficients},
	author={Xu, Jinchao},
	journal={J. Xiangtan University},
	volume={1},
	pages={1--5},
	year={1982}
}


