



@article{bramble1971least,
	title={Least squares methods for 2$m$th order elliptic boundary-value problems},
	author={Bramble, JH and Schatz, AH},
	journal={Mathematics of Computation},
	volume={25},
	number={113},
	pages={1--32},
	year={1971}
}


@incollection{bramble1971numerical,
	title={On the numerical solution of elliptic boundary value problems by least squares approximation of the data},
	author={Bramble, JH and Schatz, AH},
	booktitle={Numerical Solution of Partial Differential Equations--II},
	pages={107--131},
	year={1971},
	publisher={Elsevier}
}


@article{bramble1972semidiscrete,
	title={Semidiscrete least-squares methods for a parabolic boundary value problem},
	author={Bramble, James H and Thom{\'e}e, Vidar},
	journal={Mathematics of Computation},
	volume={26},
	number={119},
	pages={633--648},
	year={1972}
}


@article{bramble1973generalized,
	title={A generalized Ritz-least-squares method for Dirichlet problems},
	author={Bramble, James H and Nitsche, Joachim A},
	journal={SIAM Journal on Numerical Analysis},
	volume={10},
	number={1},
	pages={81--93},
	year={1973},
	publisher={SIAM}
}


@article{bramble1996least,
	title={Least-squares methods for Stokes equations based on a discrete minus one inner product},
	author={Bramble, James H and Pasciak, Joseph E},
	journal={Journal of computational and applied mathematics},
	volume={74},
	number={1-2},
	pages={155--173},
	year={1996},
	publisher={Elsevier}
}


@article{bramble1997least,
	title={A least-squares approach based on a discrete minus one inner product for first order systems},
	author={Bramble, James and Lazarov, Raytcho and Pasciak, Joseph},
	journal={Mathematics of Computation},
	volume={66},
	number={219},
	pages={935--955},
	year={1997}
}


@article{bramble1998least,
	title={Least-squares for second-order elliptic problems},
	author={Bramble, James H and Lazarov, Raytcho D and Pasciak, Joseph E},
	journal={Computer methods in applied mechanics and engineering},
	volume={152},
	number={1-2},
	pages={195--210},
	year={1998},
	publisher={Elsevier}
}


@article{bramble1998negative,
	title={A negative-norm least squares method for Reissner-Mindlin plates},
	author={Bramble, James and Sun, Tong},
	journal={Mathematics of computation},
	volume={67},
	number={223},
	pages={901--916},
	year={1998}
}


@article{bramble2001least,
	title={Least-squares methods for linear elasticity based on a discrete minus one inner product},
	author={Bramble, James H and Lazarov, Raytcho D and Pasciak, Joseph E},
	journal={Computer methods in applied mechanics and engineering},
	volume={191},
	number={8-10},
	pages={727--744},
	year={2001},
	publisher={Elsevier}
}


@article{bramble2005approximation,
	title={The approximation of the Maxwell eigenvalue problem using a least-squares method},
	author={Bramble, James and Kolev, Tzanio and Pasciak, Joseph},
	journal={Mathematics of computation},
	volume={74},
	number={252},
	pages={1575--1598},
	year={2005}
}


@article{bramble2005least,
	title={A least-squares approximation method for the time-harmonic Maxwell equations},
	author={Bramble, JH and Kolev, TV and Pasciak, JE},
	journal={Journal of Numerical Mathematics},
	volume={13},
	number={4},
	year={2005}
}



