@article{bramble1962some,
	title={Some inequalities for vector functions with applications in elasticity},
	author={Bramble, James H and Payne, LE},
	journal={Archive for Rational Mechanics and Analysis},
	volume={11},
	number={1},
	pages={16--26},
	year={1962},
	publisher={Springer}
}




@article{bramble1988preconditioning,
	title={A preconditioning technique for indefinite systems resulting from mixed approximations of elliptic problems},
	author={Bramble, James H and Pasciak, Joseph E},
	journal={Mathematics of Computation},
	volume={50},
	number={181},
	pages={1--17},
	year={1988}
}




@article{bramble1997analysis,
	title={Analysis of the inexact Uzawa algorithm for saddle point problems},
	author={Bramble, James H and Pasciak, Joseph E and Vassilev, Apostol T},
	journal={SIAM Journal on Numerical Analysis},
	volume={34},
	number={3},
	pages={1072--1092},
	year={1997},
	publisher={SIAM}
}


@article{bramble1971bounds,
	title={Bounds for a class of linear functionals with applications to Hermite interpolation},
	author={Bramble, James H and Hilbert, SR},
	journal={Numerische Mathematik},
	volume={16},
	number={4},
	pages={362--369},
	year={1971},
	publisher={Springer}
}



@article{bramble1988preconditioning-bramble,
	title={A preconditioning technique for the efficient solution of problems with local grid refinement},
	author={Bramble, James H and Ewing, Richard E and Pasciak, Joseph E and Schatz, Alfred H},
	journal={Computer Methods in Applied Mechanics and Engineering},
	volume={67},
	number={2},
	pages={149--159},
	year={1988},
	publisher={Elsevier}
}



@article{bramble1973rate,
	title={Rate of convergence estimates for nonselfadjoint eigenvalue approximations},
	author={Bramble, James H and Osborn, JE},
	journal={Mathematics of computation},
	volume={27},
	number={123},
	pages={525--549},
	year={1973}
}





@article{bramble2000uzawa,
	title={Uzawa type algorithms for nonsymmetric saddle point problems},
	author={Bramble, James and Pasciak, Joseph and Vassilev, Apostol},
	journal={Mathematics of Computation},
	volume={69},
	number={230},
	pages={667--689},
	year={2000}
}


@article{bramble1997iterative,
	title={Iterative techniques for time dependent Stokes problems},
	author={Bramble, James H and Pasciak, Joseph E},
	journal={Computers \& Mathematics with Applications},
	volume={33},
	number={1-2},
	pages={13--30},
	year={1997},
	publisher={Elsevier}
}





@article{bramble2000computational,
	title={Computational scales of Sobolev norms with application to preconditioning},
	author={Bramble, James and Pasciak, Joseph and Vassilevski, Panayot},
	journal={Mathematics of Computation},
	volume={69},
	number={230},
	pages={463--480},
	year={2000}
}




@article{bramble1994robust,
	title={A robust finite element method for nonhomogeneous Dirichlet problems in domains with curved boundaries},
	author={Bramble, James H and King, J Thomas},
	journal={mathematics of computation},
	volume={63},
	number={207},
	pages={1--17},
	year={1994}
}



@article{bramble1996subspace,
	title={A subspace preconditioning algorithm for eigenvector/eigenvalue computation},
	author={Bramble, James H and Pasciak, Joseph E and Knyazev, Andrew V},
	journal={Advances in computational mathematics},
	volume={6},
	number={1},
	pages={159--189},
	year={1996},
	publisher={Springer}
}

%not found 
@techreport{bramble1961bounds,
	title={Bounds for solutions of second order elliptic partial differential equations},
	author={Bramble, James H and Payne, LE},
	year={1961},
	institution={MARYLAND UNIV COLLEGE PARK INST FOR FLUID DYNAMICS AND APPLIED MATHEMATICS}
}


@article{bramble1962bounds,
	title={Bounds in the Neumann problem for second order uniformly elliptic operators.},
	author={Bramble, James H and Payne, LE},
	journal={Pacific Journal of Mathematics},
	volume={12},
	number={3},
	pages={823--833},
	year={1962},
	publisher={Pacific Journal of Mathematics, A Non-profit Corporation}
}

%not found
@article{bramble1963pointwise,
	title={Pointwise bounds in the first biharmonic boundary value problem},
	author={Bramble, JH and Payne, LE},
	journal={Journal of Mathematics and Physics},
	volume={42},
	number={1-4},
	pages={278--286},
	year={1963},
	publisher={Wiley Online Library}
}




@article{bramble1981lagrange,
	title={The Lagrange multiplier method for Dirichlet’s problem},
	author={Bramble, James H},
	journal={Mathematics of Computation},
	volume={37},
	number={155},
	pages={1--11},
	year={1981}
}





@article{bramble2004new,
	title={A new approximation technique for div-curl systems},
	author={Bramble, James and Pasciak, Joseph},
	journal={Mathematics of Computation},
	volume={73},
	number={248},
	pages={1739--1762},
	year={2004}
}

@article{bramble1993iterative,
	title={Iterative schemes for nonsymmetric and indefinite elliptic boundary value problems},
	author={Bramble, James H and Leyk, Zbigniew and Pasciak, Joseph E},
	journal={Mathematics of computation},
	volume={60},
	number={201},
	pages={1--22},
	year={1993}
}

@article{bacuta2003regularity,
	title={Regularity estimates for solutions of the equations of linear elasticity in convex plane polygonal domains},
	author={Bacuta, Constantin and Bramble, James H},
	journal={Zeitschrift f{\"u}r angewandte Mathematik und Physik ZAMP},
	volume={54},
	number={5},
	pages={874--878},
	year={2003},
	publisher={Springer}
}

@article{bacuta2003regularitybesov,
	title={Regularity estimates for elliptic boundary value problems in Besov spaces},
	author={Bacuta, Constantin and Bramble, James and Xu, Jinchao},
	journal={Mathematics of Computation},
	volume={72},
	number={244},
	pages={1577--1595},
	year={2003}
}

@article{bramble1961priori,
  title={A priori bounds in the first boundary value problem in elasticity},
  author={Bramble, JH and Payne, LE},
  journal={Journal of Research of the National Bureau of Standards},
  volume={65},
  pages={269--276},
  year={1961}
}


@article{bacuta2003regularitysmoothdata,
	title={Regularity estimates for elliptic boundary value problems with smooth data on polygonal domains},
	author={Bacuta, Constantin and Bramble, James H and Xu, Jinchao},
	year={2003},
	publisher={Walter de Gruyter Genthiner Strasse 13 10875 Berlin Germany}
}


@article{bramble1966mean,
	title={Mean value theorems for polyharmonic functions},
	author={Bramble, JH and Payne, LE},
	journal={The American Mathematical Monthly},
	volume={73},
	number={4P2},
	pages={124--127},
	year={1966},
	publisher={Taylor \& Francis}
}


@incollection{bramble1972approximation,
	title={Approximation of Steklov eigenvalues of non-selfadjoint second order elliptic operators},
	author={Bramble, James H and Osborn, JE},
	booktitle={The mathematical foundations of the finite element method with applications to partial differential equations},
	pages={387--408},
	year={1972},
	publisher={Elsevier}
}

@article{keller1970numerical,
	title={Numerical solutions of partial differential equations},
	author={Keller, Herbert B and Bramble, J},
	journal={Mathematics},
	volume={1},
	pages={81--94},
	year={1970}
}



@article{bramble1980efficient,
	title={Efficient higher order single step methods for parabolic problems. I},
	author={Bramble, James H and Sammon, Peter H},
	journal={Mathematics of Computation},
	volume={35},
	number={151},
	pages={655--677},
	year={1980}
}

@article{bramble1989incomplete,
	title={Incomplete iterations in multistep backward difference methods for parabolic problems with smooth and nonsmooth data},
	author={Bramble, James H and Pasciak, Joseph E and Sammon, Peter H and Thom{\'e}e, Vidar},
	journal={Mathematics of computation},
	volume={52},
	number={186},
	pages={339--367},
	year={1989}
}



@incollection{bacuta2002shift,
	title={Shift theorems for the biharmonic Dirichlet problem},
	author={Bacuta, Constantin and Bramble, James H and Pasciak, Joseph E},
	booktitle={Recent Progress in Computational and Applied PDEs},
	pages={1--26},
	year={2002},
	publisher={Springer}
}



@techreport{bramble1984preconditioned,
	title={Preconditioned Iterative Methods for Nonselfadjoint or Indefinite Elliptic Boundary Value Problems.},
	author={Bramble, JH and Pasciak, JE},
	year={1984},
	institution={YALE UNIV NEW HAVEN CT DEPT OF COMPUTER SCIENCE}
}




@article{bramble1989alternating,
	title={Alternating direction multistep methods for parabolic problems--iterative stabilization},
	author={Bramble, James H and Ewing, Richard E and Li, Gang},
	journal={SIAM journal on numerical analysis},
	volume={26},
	number={4},
	pages={904--919},
	year={1989},
	publisher={SIAM}
}


@article{bramble1974discrete,
	title={Discrete time Galerkin methods for a parabolic boundary value problem},
	author={Bramble, James H and Thom{\'e}e, Vidar},
	journal={Annali di Matematica pura ed applicata},
	volume={101},
	number={1},
	pages={115--152},
	year={1974},
	publisher={Springer}
}

@article{bramble1968discreteDirichlet,
	title={Discrete analogues of the Dirichlet problem with isolated singularities},
	author={Bramble, JH and Hubbard, BE and Zlamal, M},
	journal={SIAM Journal on Numerical Analysis},
	volume={5},
	number={1},
	pages={1--25},
	year={1968},
	publisher={SIAM}
}

@article{bramble1972projection,
	title={Projection methods for Dirichlet’s problem in approximating polygonal domains with boundary-value corrections},
	author={Bramble, James H and Dupont, Todd and Thom{\'e}e, Vidar},
	journal={Mathematics of Computation},
	volume={26},
	number={120},
	pages={869--879},
	year={1972}
}



@article{bramble1969convergence,
	title={Convergence estimates for essentially positive type discrete Dirichlet problems},
	author={Bramble, JH and Hubbard, BE and Thomee, Vidar},
	journal={Mathematics of Computation},
	volume={23},
	number={108},
	pages={695--709},
	year={1969}
}


@article{bramble1978simultaneous,
	title={Simultaneous approximation in scales of Banach spaces},
	author={Bramble, James H and Scott, Ridgway},
	journal={Mathematics of Computation},
	volume={32},
	number={144},
	pages={947--954},
	year={1978}
}

%not found
@techreport{bramble1962priori,
	title={A priori bounds on the discretization error in the numerical solution of the Dirichlet problem},
	author={Bramble, James H and Hubbard, B Eo},
	year={1962},
	institution={MARYLAND UNIV COLLEGE PARK INST FOR FLUID DYNAMICS AND APPLIED MATHEMATICS}
}




