%not found
@techreport{bramble1962theorem,
	title={A theorem on error estimation for finite difference analogues of the Dirichlet problem for elliptic equations},
	author={Bramble, James H and Hubbard, BE},
	year={1962},
	institution={MARYLAND UNIV COLLEGE PARK INST FOR FLUID DYNAMICS AND APPLIED MATHEMATICS}
}


@article{bramble1962formulation,
  title={On the formulation of finite difference analogues of the Dirichlet problem for Poisson's equation},
  author={Bramble, JH and Hubbard, BE},
  journal={Numerische Mathematik},
  volume={4},
  number={1},
  pages={313--327},
  year={1962},
  publisher={Springer-Verlag Berlin, Heidelberg}
}

@article{bramble1963fourth,
  title={Fourth-order finite difference analogues of the Dirichlet problem for Poisson's equation in three and four dimensions},
  author={Bramble, James H},
  journal={Mathematics of Computation},
  volume={17},
  number={83},
  pages={217--222},
  year={1963},
  publisher={JSTOR}
}

@article{bramble1964new,
	title={New monotone type approximations for elliptic problems},
	author={Bramble, James H and Hubbard, Bert E},
	journal={Mathematics of Computation},
	volume={18},
	number={87},
	pages={349--367},
	year={1964}
}


@article{bramble1964finite,
  title={On a finite difference analogue of an elliptic boundary problem which is neither diagonally dominant nor of non-negative type},
  author={Bramble, James H and Hubbard, Bert E},
  journal={Journal of Mathematics and Physics},
  volume={43},
  number={1-4},
  pages={117--132},
  year={1964},
  publisher={Wiley Online Library}
}


@article{bramble1965approximation,
  title={Approximation of solutions of mixed boundary value problems for Poisson's equation by finite differences},
  author={Bramble, JH and Hubbard, BE},
  journal={Journal of the ACM (JACM)},
  volume={12},
  number={1},
  pages={114--123},
  year={1965},
  publisher={ACM New York, NY, USA}
}

@article{bramble1965finite,
  title={A finite difference analog of the Neumann problem for {P}oisson's equation},
  author={Bramble, JH and Hubbard, BE},
  journal={Journal of the Society for Industrial and Applied Mathematics, Series B: Numerical Analysis},
  volume={2},
  number={1},
  pages={1--14},
  year={1965},
  publisher={SIAM}
}

@article{bramble1966second,
  title={A second order finite difference analog of the first biharmonic boundary value problem},
  author={Bramble, James H},
  journal={Numerische Mathematik},
  volume={9},
  number={3},
  pages={236--249},
  year={1966},
  publisher={Springer}
}

@article{bramble1966error,
  title={Error estimates for difference methods in forced vibration problems},
  author={Bramble, JH},
  journal={SIAM Journal on Numerical Analysis},
  volume={3},
  number={1},
  pages={1--12},
  year={1966},
  publisher={SIAM}
}


@article{bramble1969convergence,
  title={On the convergence of difference approximations to weak solutions of Dirichlet's problem},
  author={Bramble, JH},
  journal={Numerische Mathematik},
  volume={13},
  number={2},
  pages={101--111},
  year={1969},
  publisher={Springer}
}