


@article{bramble1970estimation,
	title={Estimation of linear functionals on Sobolev spaces with application to Fourier transforms and spline interpolation},
	author={Bramble, James H and Hilbert, SR},
	journal={SIAM Journal on Numerical Analysis},
	volume={7},
	number={1},
	pages={112--124},
	year={1970},
	publisher={SIAM}
}

@article{bramble1970rayleigh,
	title={Rayleigh-Ritz-Galerkin methods for dirichlet's problem using subspaces without boundary conditions},
	author={Bramble, James H and Schatz, Alfred H},
	journal={Communications on Pure and Applied Mathematics},
	volume={23},
	number={4},
	pages={653--675},
	year={1970},
	publisher={Wiley Online Library}
}

@article{bramble1970triangular,
	title={Triangular elements in the finite element method},
	author={Bramble, James H and Zl{\'a}mal, Milo{\v{s}}},
	journal={Mathematics of Computation},
	volume={24},
	number={112},
	pages={809--820},
	year={1970}
}

@article{bramble1975maximum,
	title={Maximum-norm interior estimates for Ritz-Galerkin methods},
	author={Bramble, James H and Nitsche, Joachim A and Schatz, Alfred H},
	journal={Mathematics of Computation},
	volume={29},
	number={131},
	pages={677--688},
	year={1975}
}

@article{bramble1976estimates,
	title={Estimates for spline projections},
	author={Bramble, JH and Schatz, AH},
	journal={Revue fran{\c{c}}aise d'automatique, informatique, recherche op{\'e}rationnelle. Analyse num{\'e}rique},
	volume={10},
	number={R2},
	pages={5--37},
	year={1976},
	publisher={EDP Sciences}
}


@article{bramble1977higher,
	title={Higher order local accuracy by averaging in the finite element method},
	author={Bramble, James H and Schatz, Alfred H},
	journal={Mathematics of Computation},
	volume={31},
	number={137},
	pages={94--111},
	year={1977}
}

@article{baker1977single,
	title={Single step Galerkin approximations for parabolic problems},
	author={Baker, Garth A and Bramble, James H and Thom{\'e}e, Vidar},
	journal={Mathematics of Computation},
	volume={31},
	number={140},
	pages={818--847},
	year={1977}
}

@article{bramble1977some,
	title={Some convergence estimates for semidiscrete Galerkin type approximations for parabolic equations},
	author={Bramble, JH and Schatz, AH and Thom{\'e}e, V and Wahlbin, LB},
	journal={SIAM Journal on Numerical Analysis},
	volume={14},
	number={2},
	pages={218--241},
	year={1977},
	publisher={SIAM}
}

@article{baker1979semidiscrete,
	title={Semidiscrete and single step fully discrete approximations for second order hyperbolic equations},
	author={Baker, Garth A and Bramble, James H},
	journal={RAIRO. Analyse num{\'e}rique},
	volume={13},
	number={2},
	pages={75--100},
	year={1979},
	publisher={EDP Sciences}
}

@article{bramble1989local,
	title={A local post-processing technique for improving the accuracy in mixed finite-element approximations},
	author={Bramble, James H and Xu, Jinchao},
	journal={SIAM journal on numerical analysis},
	volume={26},
	number={6},
	pages={1267--1275},
	year={1989},
	publisher={SIAM}
}

@article{bramble1991some,
	title={Some estimates for a weighted $L^2$ projection},
	author={Bramble, James H and Xu, Jinchao},
	journal={Mathematics of computation},
	volume={56},
	number={194},
	pages={463--476},
	year={1991}
}


@article{bramble1994variational,
	title={On variational formulations for the Stokes equations with nonstandard boundary conditions},
	author={Bramble, James H and Lee, Ping},
	journal={ESAIM: Mathematical Modelling and Numerical Analysis},
	volume={28},
	number={7},
	pages={903--919},
	year={1994},
	publisher={EDP Sciences}
}



@article{bramble1996finite,
	title={A finite element method for interface problems in domains with smooth boundaries and interfaces},
	author={Bramble, James H and King, J Thomas},
	journal={Advances in Computational Mathematics},
	volume={6},
	number={1},
	pages={109--138},
	year={1996},
	publisher={Springer}
}


@article{bacuta2001new,
	title={New interpolation results and applications to finite element methods for elliptic boundary value problems},
	author={Bacuta, Constantin and Bramble, James H and Pasciak, Joseph E},
	year={2001},
	publisher={Walter de Gruyter GmbH \& Co. KG}
}

@article{bramble2002stability,
	title={On the stability of the $L^2$ projection in $H^1(\Omega)$},
	author={Bramble, James H and Pasciak, Joseph E and Steinbach, Olaf},
	journal={Math. Comp},
	volume={71},
	number={237},
	year={2002},
	pages={147--156}
}



@article{bramble2003proof,
	title={A proof of the inf--sup condition for the Stokes equations on Lipschitz domains},
	author={Bramble, James H},
	journal={Mathematical Models and Methods in Applied Sciences},
	volume={13},
	number={03},
	pages={361--371},
	year={2003},
	publisher={World Scientific}
}

@article{bacuta2003using,
	title={Using finite element tools in proving shift theorems for elliptic boundary value problems},
	author={Bacuta, Constantin and H. Bramble, James and E. Pasciak, Joseph},
	journal={Numerical linear algebra with applications},
	volume={10},
	number={1-2},
	pages={33--64},
	year={2003},
	publisher={Wiley Online Library}
}

%----------------------------------------------------------------------------------
%----------------------------------------------------------------------------------






















