@article{bramble1987new,
	title={New convergence estimates for multigrid algorithms},
	author={Bramble, James H and Pasciak, Joseph E},
	journal={Mathematics of computation},
	volume={49},
	number={180},
	pages={311--329},
	year={1987}
}

@article{bramble1988analysis,
	title={The analysis of multigrid algorithms for nonsymmetric and indefinite elliptic problems},
	author={Bramble, James H and Pasciak, Joseph E and Xu, Jinchao},
	journal={Mathematics of Computation},
	volume={51},
	number={184},
	pages={389--414},
	year={1988}
}

@article{bramble1990parallel,
	title={Parallel multilevel preconditioners},
	author={Bramble, James H and Pasciak, Joseph E and Xu, Jinchao},
	journal={Mathematics of computation},
	volume={55},
	number={191},
	pages={1--22},
	year={1990}
}

@article{bramble1991analysis,
	title={The analysis of multigrid algorithms with nonnested spaces or noninherited quadratic forms},
	author={Bramble, James H and Pasciak, Joseph E and Xu, Jinchao},
	journal={Mathematics of Computation},
	volume={56},
	number={193},
	pages={1--34},
	year={1991}
}

@article{bramble1991convergence,
	title={Convergence estimates for multigrid algorithms without regularity assumptions},
	author={Bramble, James H and Pasciak, Joseph E and Wang, Jun Ping and Xu, Jinchao},
	journal={Mathematics of Computation},
	volume={57},
	number={195},
	pages={23--45},
	year={1991}
}

@article{bramble1992analysis,
	title={The analysis of smoothers for multigrid algorithms},
	author={Bramble, James H and Pasciak, Joseph E},
	journal={mathematics of computation},
	volume={58},
	number={198},
	pages={467--488},
	year={1992}
}

@article{bramble1993new,
	title={New estimates for multilevel algorithms including the $\mathcal V$-cycle},
	author={Bramble, James H and Pasciak, Joseph E},
	journal={Mathematics of computation},
	volume={60},
	number={202},
	pages={447--471},
	year={1993}
}

@article{bramble1994analysis,
	title={The analysis of multigrid algorithms for pseudodifferential operators of order minus one},
	author={Bramble, James H and Leyk, Zbigniew and Pasciak, Joseph E},
	journal={Mathematics of computation},
	volume={63},
	number={208},
	pages={461--478},
	year={1994}
}

@article{bramble1994uniform,
	title={Uniform convergence of multigrid V-cycle iterations for indefinite and nonsymmetric problems},
	author={Bramble, James H and Kwak, Do Y and Pasciak, Joseph E},
	journal={SIAM journal on numerical analysis},
	volume={31},
	number={6},
	pages={1746--1763},
	year={1994},
	publisher={SIAM}
}


@article{bramble1994uniform-bramble,
	title={Uniform Convergence Estimates for Multigrid V-cycle Algorithms with Less than Full Elliptic Regularity},
	author={JAMES, H BRAMBLE and JOSEPH, E PASCIAK},
	journal={Contemporary Mathematics},
	volume={157},
	year={1994}
}


@article{bramble1995interpolation,
	title={Interpolation between Sobolev spaces in Lipschitz domains with an application to multigrid theory},
	author={Bramble, James H},
	journal={mathematics of computation},
	volume={64},
	number={212},
	pages={1359--1365},
	year={1995}
}

@article{bramble1995multigrid,
	title={Multigrid methods for the biharmonic problem discretized by conforming $C^1$ finite elements on nonnested meshes},
	author={Bramble, James H and Zhang, Xuejun},
	journal={Numerical functional analysis and optimization},
	volume={16},
	number={7-8},
	pages={835--846},
	year={1995},
	publisher={Taylor \& Francis}
}



@article{bramble1996analysis,
	title={The analysis of multigrid algorithms for cell centered finite difference methods},
	author={Bramble, James H and Ewing, Richard E and Pasciak, Joseph E and Shen, Jian},
	journal={Advances in Computational Mathematics},
	volume={5},
	number={1},
	pages={15--29},
	year={1996},
	publisher={Springer}
}

% Not found
@article{bramble2000analysis,
	title={The analysis of multigrid methods},
	author={Bramble, James H and Zhang, Xuejun},
	journal={Handbook of numerical analysis},
	volume={7},
	pages={173--415},
	year={2000},
	publisher={Elsevier}
}

@article{bramble2001uniform,
	title={Uniform convergence of the multigrid V-cycle for an anisotropic problem},
	author={Bramble, James and Zhang, Xuejun},
	journal={Mathematics of computation},
	volume={70},
	number={234},
	pages={453--470},
	year={2001}
}

@book{bramble2019multigrid,
	title={Multigrid methods},
	author={Bramble, James H},
	year={2019},
	publisher={Chapman and Hall/CRC}
}


%-----------------------------------------
%------------------------------------------


































