
@article{bramble1986construction,
	title={The construction of preconditioners for elliptic problems by substructuring. I},
	author={Bramble, James H and Pasciak, Joseph E and Schatz, Alfred H},
	journal={Mathematics of Computation},
	volume={47},
	number={175},
	pages={103--134},
	year={1986}
}

@article{bramble1986iterative,
	title={An iterative method for elliptic problems on regions partitioned into substructures},
	author={Bramble, James H and Pasciak, Joseph E and Schatz, Alfred H},
	journal={Mathematics of computation},
	volume={46},
	number={174},
	pages={361--369},
	year={1986}
}

@article{bramble1987construction,
	title={The construction of preconditioners for elliptic problems by substructuring. II},
	author={Bramble, James H and Pasciak, Joseph E and Schatz, Alfred H},
	journal={Mathematics of Computation},
	volume={49},
	number={179},
	pages={1--16},
	year={1987}
}


@article{bramble1988construction,
	title={The construction of preconditioners for elliptic problems by substructuring. III},
	author={Bramble, James H and Pasciak, Joseph E and Schatz, Alfred H},
	journal={Mathematics of Computation},
	volume={51},
	number={184},
	pages={415--430},
	year={1988}
}



@article{bramble1989construction,
	title={The construction of preconditioners for elliptic problems by substructuring. IV},
	author={Bramble, James H and Pasciak, Joseph E and Schatz, Alfred H},
	journal={Mathematics of Computation},
	volume={53},
	number={187},
	pages={1--24},
	year={1989}
}



@article{bramble1990domain,
	title={A domain decomposition technique for Stokes problems},
	author={Bramble, James H and Pasciak, Joseph E},
	journal={Applied Numerical Mathematics},
	volume={6},
	number={4},
	pages={251--261},
	year={1990},
	publisher={Elsevier}
}

@article{bramble1991convergence-bramble,
  title={Convergence estimates for product iterative methods with applications to domain decomposition},
  author={Bramble, James H and Pasciak, Joseph E and Wang, Jun Ping and Xu, Jinchao},
  journal={Mathematics of Computation},
  volume={57},
  number={195},
  pages={1--21},
  year={1991}
}

@inproceedings{bramble1991domain,
  title={Domain decomposition methods for problems with uniform local refinement in two dimensions},
  author={Bramble, J and Ewing, R and Parashkevov, R and Pasciak, J},
  booktitle={Fourth International Symposium on Domain Decomposition Methods for Partial Differential Equations, Philadelphia},
  year={1991}
}

@article{bramble1992domain,
  title={Domain decomposition methods for problems with partial refinement},
  author={Bramble, James H and Ewing, Richard E and Parashkevov, Rossen R and Pasciak, Joseph E},
  journal={SIAM Journal on Scientific and Statistical Computing},
  volume={13},
  number={1},
  pages={397--410},
  year={1992},
  publisher={SIAM}
}


@article{bramble1998analysis,
  title={Analysis of non-overlapping domain decomposition algorithms with inexact solves},
  author={Bramble, James and Pasciak, Joseph and Vassilev, Apostol},
  journal={Mathematics of Computation},
  volume={67},
  number={221},
  pages={1--19},
  year={1998}
}



