
@article{bramble2007analysis,
	title={Analysis of a finite PML approximation for the three dimensional time-harmonic Maxwell and acoustic scattering problems},
	author={Bramble, James and Pasciak, Joseph},
	journal={Mathematics of Computation},
	volume={76},
	number={258},
	pages={597--614},
	year={2007}
}



@article{bramble2008analysis,
	title={Analysis of a finite element PML approximation for the three dimensional time-harmonic Maxwell problem},
	author={Bramble, James and Pasciak, Joseph},
	journal={Mathematics of Computation},
	volume={77},
	number={261},
	pages={1--10},
	year={2008}
}


@article{bramble2010analysis,
	title={Analysis of a finite PML approximation to the three dimensional elastic wave scattering problem},
	author={Bramble, James and Pasciak, Joseph and Trenev, Dimitar},
	journal={Mathematics of computation},
	volume={79},
	number={272},
	pages={2079--2101},
	year={2010}
}


@article{bramble2013analysis,
	title={Analysis of a Cartesian PML approximation to acoustic scattering problems in $R^2$ and $R^3$},
	author={Bramble, James H and Pasciak, Joseph E},
	journal={Journal of computational and applied mathematics},
	volume={247},
	pages={209--230},
	year={2013},
	publisher={Elsevier}
}


%-----------------------------------
%------------------------------------






