
% Encoding: UTF-8

%Starting of Finite difference methods

%----------------------------------------------------------------------------


%not found
@techreport{bramble1962theorem,
	title={A theorem on error estimation for finite difference analogues of the Dirichlet problem for elliptic equations},
	author={Bramble, James H and Hubbard, BE},
	year={1962},
	institution={MARYLAND UNIV COLLEGE PARK INST FOR FLUID DYNAMICS AND APPLIED MATHEMATICS}
}


@article{bramble1962formulation,
	title={On the formulation of finite difference analogues of the Dirichlet problem for Poisson's equation},
	author={Bramble, JH and Hubbard, BE},
	journal={Numerische Mathematik},
	volume={4},
	number={1},
	pages={313--327},
	year={1962},
	publisher={Springer-Verlag Berlin, Heidelberg}
}

@article{bramble1963fourth,
	title={Fourth-order finite difference analogues of the Dirichlet problem for Poisson's equation in three and four dimensions},
	author={Bramble, James H},
	journal={Mathematics of Computation},
	volume={17},
	number={83},
	pages={217--222},
	year={1963},
	publisher={JSTOR}
}

@article{bramble1964new,
	title={New monotone type approximations for elliptic problems},
	author={Bramble, James H and Hubbard, Bert E},
	journal={Mathematics of Computation},
	volume={18},
	number={87},
	pages={349--367},
	year={1964}
}


@article{bramble1964finite,
	title={On a finite difference analogue of an elliptic boundary problem which is neither diagonally dominant nor of non-negative type},
	author={Bramble, James H and Hubbard, Bert E},
	journal={Journal of Mathematics and Physics},
	volume={43},
	number={1-4},
	pages={117--132},
	year={1964},
	publisher={Wiley Online Library}
}


@article{bramble1965approximation,
	title={Approximation of solutions of mixed boundary value problems for Poisson's equation by finite differences},
	author={Bramble, JH and Hubbard, BE},
	journal={Journal of the ACM (JACM)},
	volume={12},
	number={1},
	pages={114--123},
	year={1965},
	publisher={ACM New York, NY, USA}
}

@article{bramble1965finite,
	title={A finite difference analog of the Neumann problem for {P}oisson's equation},
	author={Bramble, JH and Hubbard, BE},
	journal={Journal of the Society for Industrial and Applied Mathematics, Series B: Numerical Analysis},
	volume={2},
	number={1},
	pages={1--14},
	year={1965},
	publisher={SIAM}
}

@article{bramble1966second,
	title={A second order finite difference analog of the first biharmonic boundary value problem},
	author={Bramble, James H},
	journal={Numerische Mathematik},
	volume={9},
	number={3},
	pages={236--249},
	year={1966},
	publisher={Springer}
}

@article{bramble1966error,
	title={Error estimates for difference methods in forced vibration problems},
	author={Bramble, JH},
	journal={SIAM Journal on Numerical Analysis},
	volume={3},
	number={1},
	pages={1--12},
	year={1966},
	publisher={SIAM}
}


@article{bramble1969convergence,
	title={On the convergence of difference approximations to weak solutions of Dirichlet's problem},
	author={Bramble, JH},
	journal={Numerische Mathematik},
	volume={13},
	number={2},
	pages={101--111},
	year={1969},
	publisher={Springer}
}

%end of Finite difference methods

%----------------------------------------------------------------------------
%----------------------------------------------------------------------------
%----------------------------------------------------------------------------
%Starting of finite element methonds





@article{bramble1970estimation,
	title={Estimation of linear functionals on Sobolev spaces with application to Fourier transforms and spline interpolation},
	author={Bramble, James H and Hilbert, SR},
	journal={SIAM Journal on Numerical Analysis},
	volume={7},
	number={1},
	pages={112--124},
	year={1970},
	publisher={SIAM}
}

@article{bramble1970rayleigh,
	title={Rayleigh-Ritz-Galerkin methods for dirichlet's problem using subspaces without boundary conditions},
	author={Bramble, James H and Schatz, Alfred H},
	journal={Communications on Pure and Applied Mathematics},
	volume={23},
	number={4},
	pages={653--675},
	year={1970},
	publisher={Wiley Online Library}
}

@article{bramble1970triangular,
	title={Triangular elements in the finite element method},
	author={Bramble, James H and Zl{\'a}mal, Milo{\v{s}}},
	journal={Mathematics of Computation},
	volume={24},
	number={112},
	pages={809--820},
	year={1970}
}

@article{bramble1975maximum,
	title={Maximum-norm interior estimates for Ritz-Galerkin methods},
	author={Bramble, James H and Nitsche, Joachim A and Schatz, Alfred H},
	journal={Mathematics of Computation},
	volume={29},
	number={131},
	pages={677--688},
	year={1975}
}

@article{bramble1976estimates,
	title={Estimates for spline projections},
	author={Bramble, JH and Schatz, AH},
	journal={Revue fran{\c{c}}aise d'automatique, informatique, recherche op{\'e}rationnelle. Analyse num{\'e}rique},
	volume={10},
	number={R2},
	pages={5--37},
	year={1976},
	publisher={EDP Sciences}
}


@article{bramble1977higher,
	title={Higher order local accuracy by averaging in the finite element method},
	author={Bramble, James H and Schatz, Alfred H},
	journal={Mathematics of Computation},
	volume={31},
	number={137},
	pages={94--111},
	year={1977}
}

@article{baker1977single,
	title={Single step Galerkin approximations for parabolic problems},
	author={Baker, Garth A and Bramble, James H and Thom{\'e}e, Vidar},
	journal={Mathematics of Computation},
	volume={31},
	number={140},
	pages={818--847},
	year={1977}
}

@article{bramble1977some,
	title={Some convergence estimates for semidiscrete Galerkin type approximations for parabolic equations},
	author={Bramble, JH and Schatz, AH and Thom{\'e}e, V and Wahlbin, LB},
	journal={SIAM Journal on Numerical Analysis},
	volume={14},
	number={2},
	pages={218--241},
	year={1977},
	publisher={SIAM}
}

@article{baker1979semidiscrete,
	title={Semidiscrete and single step fully discrete approximations for second order hyperbolic equations},
	author={Baker, Garth A and Bramble, James H},
	journal={RAIRO. Analyse num{\'e}rique},
	volume={13},
	number={2},
	pages={75--100},
	year={1979},
	publisher={EDP Sciences}
}

@article{bramble1989local,
	title={A local post-processing technique for improving the accuracy in mixed finite-element approximations},
	author={Bramble, James H and Xu, Jinchao},
	journal={SIAM journal on numerical analysis},
	volume={26},
	number={6},
	pages={1267--1275},
	year={1989},
	publisher={SIAM}
}

@article{bramble1991some,
	title={Some estimates for a weighted $L^2$ projection},
	author={Bramble, James H and Xu, Jinchao},
	journal={Mathematics of computation},
	volume={56},
	number={194},
	pages={463--476},
	year={1991}
}


@article{bramble1994variational,
	title={On variational formulations for the Stokes equations with nonstandard boundary conditions},
	author={Bramble, James H and Lee, Ping},
	journal={ESAIM: Mathematical Modelling and Numerical Analysis},
	volume={28},
	number={7},
	pages={903--919},
	year={1994},
	publisher={EDP Sciences}
}



@article{bramble1996finite,
	title={A finite element method for interface problems in domains with smooth boundaries and interfaces},
	author={Bramble, James H and King, J Thomas},
	journal={Advances in Computational Mathematics},
	volume={6},
	number={1},
	pages={109--138},
	year={1996},
	publisher={Springer}
}


@article{bacuta2001new,
	title={New interpolation results and applications to finite element methods for elliptic boundary value problems},
	author={Bacuta, Constantin and Bramble, James H and Pasciak, Joseph E},
	year={2001},
	publisher={Walter de Gruyter GmbH \& Co. KG}
}

@article{bramble2002stability,
	title={On the stability of the $L^2$ projection in $H^1(\Omega)$},
	author={Bramble, James H and Pasciak, Joseph E and Steinbach, Olaf},
	journal={Math. Comp},
	volume={71},
	number={237},
	year={2002},
	pages={147--156}
}



@article{bramble2003proof,
	title={A proof of the inf--sup condition for the Stokes equations on Lipschitz domains},
	author={Bramble, James H},
	journal={Mathematical Models and Methods in Applied Sciences},
	volume={13},
	number={03},
	pages={361--371},
	year={2003},
	publisher={World Scientific}
}

@article{bacuta2003using,
	title={Using finite element tools in proving shift theorems for elliptic boundary value problems},
	author={Bacuta, Constantin and H. Bramble, James and E. Pasciak, Joseph},
	journal={Numerical linear algebra with applications},
	volume={10},
	number={1-2},
	pages={33--64},
	year={2003},
	publisher={Wiley Online Library}
}







%End of finite element methods

%----------------------------------------------------------------------------
%----------------------------------------------------------------------------
%----------------------------------------------------------------------------

%Starting of multigrid methods


@article{bramble1987new,
	title={New convergence estimates for multigrid algorithms},
	author={Bramble, James H and Pasciak, Joseph E},
	journal={Mathematics of computation},
	volume={49},
	number={180},
	pages={311--329},
	year={1987}
}

@article{bramble1988analysis,
	title={The analysis of multigrid algorithms for nonsymmetric and indefinite elliptic problems},
	author={Bramble, James H and Pasciak, Joseph E and Xu, Jinchao},
	journal={Mathematics of Computation},
	volume={51},
	number={184},
	pages={389--414},
	year={1988}
}

@article{bramble1990parallel,
	title={Parallel multilevel preconditioners},
	author={Bramble, James H and Pasciak, Joseph E and Xu, Jinchao},
	journal={Mathematics of computation},
	volume={55},
	number={191},
	pages={1--22},
	year={1990}
}

@article{bramble1991analysis,
	title={The analysis of multigrid algorithms with nonnested spaces or noninherited quadratic forms},
	author={Bramble, James H and Pasciak, Joseph E and Xu, Jinchao},
	journal={Mathematics of Computation},
	volume={56},
	number={193},
	pages={1--34},
	year={1991}
}

@article{bramble1991convergence-a,
	title={Convergence estimates for multigrid algorithms without regularity assumptions},
	author={Bramble, James H and Pasciak, Joseph E and Wang, Jun Ping and Xu, Jinchao},
	journal={Mathematics of Computation},
	volume={57},
	number={195},
	pages={23--45},
	year={1991}
}

@article{bramble1992analysis,
	title={The analysis of smoothers for multigrid algorithms},
	author={Bramble, James H and Pasciak, Joseph E},
	journal={mathematics of computation},
	volume={58},
	number={198},
	pages={467--488},
	year={1992}
}

@article{bramble1993new,
	title={New estimates for multilevel algorithms including the $\mathcal V$-cycle},
	author={Bramble, James H and Pasciak, Joseph E},
	journal={Mathematics of computation},
	volume={60},
	number={202},
	pages={447--471},
	year={1993}
}

@article{bramble1994analysis,
	title={The analysis of multigrid algorithms for pseudodifferential operators of order minus one},
	author={Bramble, James H and Leyk, Zbigniew and Pasciak, Joseph E},
	journal={Mathematics of computation},
	volume={63},
	number={208},
	pages={461--478},
	year={1994}
}

@article{bramble1994uniforma,
	title={Uniform convergence of multigrid V-cycle iterations for indefinite and nonsymmetric problems},
	author={Bramble, James H and Kwak, Do Y and Pasciak, Joseph E},
	journal={SIAM journal on numerical analysis},
	volume={31},
	number={6},
	pages={1746--1763},
	year={1994},
	publisher={SIAM}
}


@article{bramble1994uniformb,
	title={Uniform Convergence Estimates for Multigrid V-cycle Algorithms with Less than Full Elliptic Regularity},
	author={JAMES, H BRAMBLE and JOSEPH, E PASCIAK},
	journal={Contemporary Mathematics},
	volume={157},
	year={1994}
}


@article{bramble1995interpolation,
	title={Interpolation between Sobolev spaces in Lipschitz domains with an application to multigrid theory},
	author={Bramble, James H},
	journal={mathematics of computation},
	volume={64},
	number={212},
	pages={1359--1365},
	year={1995}
}

@article{bramble1995multigrid,
	title={Multigrid methods for the biharmonic problem discretized by conforming $C^1$ finite elements on nonnested meshes},
	author={Bramble, James H and Zhang, Xuejun},
	journal={Numerical functional analysis and optimization},
	volume={16},
	number={7-8},
	pages={835--846},
	year={1995},
	publisher={Taylor \& Francis}
}



@article{bramble1996analysis,
	title={The analysis of multigrid algorithms for cell centered finite difference methods},
	author={Bramble, James H and Ewing, Richard E and Pasciak, Joseph E and Shen, Jian},
	journal={Advances in Computational Mathematics},
	volume={5},
	number={1},
	pages={15--29},
	year={1996},
	publisher={Springer}
}

% Not found
@article{bramble2000analysis,
	title={The analysis of multigrid methods},
	author={Bramble, James H and Zhang, Xuejun},
	journal={Handbook of numerical analysis},
	volume={7},
	pages={173--415},
	year={2000},
	publisher={Elsevier}
}

@article{bramble2001uniform,
	title={Uniform convergence of the multigrid V-cycle for an anisotropic problem},
	author={Bramble, James and Zhang, Xuejun},
	journal={Mathematics of computation},
	volume={70},
	number={234},
	pages={453--470},
	year={2001}
}

@book{bramble2019multigrid,
	title={Multigrid methods},
	author={Bramble, James H},
	year={2019},
	publisher={Chapman and Hall/CRC}
}







%End of multigrid methods

%----------------------------------------------------------------------------
%----------------------------------------------------------------------------
%----------------------------------------------------------------------------

%Starting of DDM




@article{bramble1986construction,
	title={The construction of preconditioners for elliptic problems by substructuring. I},
	author={Bramble, James H and Pasciak, Joseph E and Schatz, Alfred H},
	journal={Mathematics of Computation},
	volume={47},
	number={175},
	pages={103--134},
	year={1986}
}

@article{bramble1986iterative,
	title={An iterative method for elliptic problems on regions partitioned into substructures},
	author={Bramble, James H and Pasciak, Joseph E and Schatz, Alfred H},
	journal={Mathematics of computation},
	volume={46},
	number={174},
	pages={361--369},
	year={1986}
}

@article{bramble1987construction,
	title={The construction of preconditioners for elliptic problems by substructuring. II},
	author={Bramble, James H and Pasciak, Joseph E and Schatz, Alfred H},
	journal={Mathematics of Computation},
	volume={49},
	number={179},
	pages={1--16},
	year={1987}
}


@article{bramble1988construction,
	title={The construction of preconditioners for elliptic problems by substructuring. III},
	author={Bramble, James H and Pasciak, Joseph E and Schatz, Alfred H},
	journal={Mathematics of Computation},
	volume={51},
	number={184},
	pages={415--430},
	year={1988}
}



@article{bramble1989construction,
	title={The construction of preconditioners for elliptic problems by substructuring. IV},
	author={Bramble, James H and Pasciak, Joseph E and Schatz, Alfred H},
	journal={Mathematics of Computation},
	volume={53},
	number={187},
	pages={1--24},
	year={1989}
}



@article{bramble1990domain,
	title={A domain decomposition technique for Stokes problems},
	author={Bramble, James H and Pasciak, Joseph E},
	journal={Applied Numerical Mathematics},
	volume={6},
	number={4},
	pages={251--261},
	year={1990},
	publisher={Elsevier}
}

@article{bramble1991convergence-b,
	title={Convergence estimates for product iterative methods with applications to domain decomposition},
	author={Bramble, James H and Pasciak, Joseph E and Wang, Jun Ping and Xu, Jinchao},
	journal={Mathematics of Computation},
	volume={57},
	number={195},
	pages={1--21},
	year={1991}
}

@inproceedings{bramble1991domain,
	title={Domain decomposition methods for problems with uniform local refinement in two dimensions},
	author={Bramble, J and Ewing, R and Parashkevov, R and Pasciak, J},
	booktitle={Fourth International Symposium on Domain Decomposition Methods for Partial Differential Equations, Philadelphia},
	year={1991}
}

@article{bramble1992domain,
	title={Domain decomposition methods for problems with partial refinement},
	author={Bramble, James H and Ewing, Richard E and Parashkevov, Rossen R and Pasciak, Joseph E},
	journal={SIAM Journal on Scientific and Statistical Computing},
	volume={13},
	number={1},
	pages={397--410},
	year={1992},
	publisher={SIAM}
}


@book{bramble1992multilevel,
	title={A multilevel preconditioner for domain decomposition boundary systems},
	author={Bramble, James H and Pasciak, Joseph E and Xu, Jinchao},
	volume={92},
	number={27},
	year={1992},
	publisher={Mathematical Sciences Institute, Cornell University}
}


@article{bramble1998analysis,
	title={Analysis of non-overlapping domain decomposition algorithms with inexact solves},
	author={Bramble, James and Pasciak, Joseph and Vassilev, Apostol},
	journal={Mathematics of Computation},
	volume={67},
	number={221},
	pages={1--19},
	year={1998}
}





%End of DDM

%----------------------------------------------------------------------------
%----------------------------------------------------------------------------
%----------------------------------------------------------------------------


%Starting of LS







@article{bramble1971least,
	title={Least squares methods for 2$m$th order elliptic boundary-value problems},
	author={Bramble, JH and Schatz, AH},
	journal={Mathematics of Computation},
	volume={25},
	number={113},
	pages={1--32},
	year={1971}
}


@incollection{bramble1971numerical,
	title={On the numerical solution of elliptic boundary value problems by least squares approximation of the data},
	author={Bramble, JH and Schatz, AH},
	booktitle={Numerical Solution of Partial Differential Equations--II},
	pages={107--131},
	year={1971},
	publisher={Elsevier}
}


@article{bramble1972semidiscrete,
	title={Semidiscrete least-squares methods for a parabolic boundary value problem},
	author={Bramble, James H and Thom{\'e}e, Vidar},
	journal={Mathematics of Computation},
	volume={26},
	number={119},
	pages={633--648},
	year={1972}
}


@article{bramble1973generalized,
	title={A generalized Ritz-least-squares method for Dirichlet problems},
	author={Bramble, James H and Nitsche, Joachim A},
	journal={SIAM Journal on Numerical Analysis},
	volume={10},
	number={1},
	pages={81--93},
	year={1973},
	publisher={SIAM}
}


@article{bramble1996least,
	title={Least-squares methods for Stokes equations based on a discrete minus one inner product},
	author={Bramble, James H and Pasciak, Joseph E},
	journal={Journal of computational and applied mathematics},
	volume={74},
	number={1-2},
	pages={155--173},
	year={1996},
	publisher={Elsevier}
}


@article{bramble1997least,
	title={A least-squares approach based on a discrete minus one inner product for first order systems},
	author={Bramble, James and Lazarov, Raytcho and Pasciak, Joseph},
	journal={Mathematics of Computation},
	volume={66},
	number={219},
	pages={935--955},
	year={1997}
}


@article{bramble1998least,
	title={Least-squares for second-order elliptic problems},
	author={Bramble, James H and Lazarov, Raytcho D and Pasciak, Joseph E},
	journal={Computer methods in applied mechanics and engineering},
	volume={152},
	number={1-2},
	pages={195--210},
	year={1998},
	publisher={Elsevier}
}


@article{bramble1998negative,
	title={A negative-norm least squares method for Reissner-Mindlin plates},
	author={Bramble, James and Sun, Tong},
	journal={Mathematics of computation},
	volume={67},
	number={223},
	pages={901--916},
	year={1998}
}


@article{bramble2001least,
	title={Least-squares methods for linear elasticity based on a discrete minus one inner product},
	author={Bramble, James H and Lazarov, Raytcho D and Pasciak, Joseph E},
	journal={Computer methods in applied mechanics and engineering},
	volume={191},
	number={8-10},
	pages={727--744},
	year={2001},
	publisher={Elsevier}
}


@article{bramble2005approximation,
	title={The approximation of the Maxwell eigenvalue problem using a least-squares method},
	author={Bramble, James and Kolev, Tzanio and Pasciak, Joseph},
	journal={Mathematics of computation},
	volume={74},
	number={252},
	pages={1575--1598},
	year={2005}
}


@article{bramble2005least,
	title={A least-squares approximation method for the time-harmonic Maxwell equations},
	author={Bramble, JH and Kolev, TV and Pasciak, JE},
	journal={Journal of Numerical Mathematics},
	volume={13},
	number={4},
	year={2005}
}





%End of LS


%----------------------------------------------------------------------------
%----------------------------------------------------------------------------
%----------------------------------------------------------------------------


%Starting of PML




@article{bramble2007analysis,
	title={Analysis of a finite PML approximation for the three dimensional time-harmonic Maxwell and acoustic scattering problems},
	author={Bramble, James and Pasciak, Joseph},
	journal={Mathematics of Computation},
	volume={76},
	number={258},
	pages={597--614},
	year={2007}
}



@article{bramble2008analysis,
	title={Analysis of a finite element PML approximation for the three dimensional time-harmonic Maxwell problem},
	author={Bramble, James and Pasciak, Joseph},
	journal={Mathematics of Computation},
	volume={77},
	number={261},
	pages={1--10},
	year={2008}
}


@article{bramble2010analysis,
	title={Analysis of a finite PML approximation to the three dimensional elastic wave scattering problem},
	author={Bramble, James and Pasciak, Joseph and Trenev, Dimitar},
	journal={Mathematics of computation},
	volume={79},
	number={272},
	pages={2079--2101},
	year={2010}
}


@article{bramble2013analysis,
	title={Analysis of a Cartesian PML approximation to acoustic scattering problems in $R^2$ and $R^3$},
	author={Bramble, James H and Pasciak, Joseph E},
	journal={Journal of computational and applied mathematics},
	volume={247},
	pages={209--230},
	year={2013},
	publisher={Elsevier}
}



%End of PML

%----------------------------------------------------------------------------
%----------------------------------------------------------------------------
%----------------------------------------------------------------------------

%Starting of Others





%End of Others

%----------------------------------------------------------------------------
%----------------------------------------------------------------------------
%----------------------------------------------------------------------------

%Starting of 

@article{bacuta2003regularity-a,
	title={Regularity estimates for elliptic boundary value problems with smooth data on polygonal domains},
	author={Bacuta, Constantin and Bramble, James H and Xu, Jinchao},
	year={2003},
	publisher={Walter de Gruyter Genthiner Strasse 13 10875 Berlin Germany}
}


@article{bacuta2003regularity-b,
	title={Regularity estimates for solutions of the equations of linear elasticity in convex plane polygonal domains},
	author={Bacuta, Constantin and Bramble, James H},
	journal={Zeitschrift f{\"u}r angewandte Mathematik und Physik ZAMP},
	volume={54},
	number={5},
	pages={874--878},
	year={2003},
	publisher={Springer}
}

@article{bacuta2003regularity-c,
	title={Regularity estimates for elliptic boundary value problems in Besov spaces},
	author={Bacuta, Constantin and Bramble, James and Xu, Jinchao},
	journal={Mathematics of Computation},
	volume={72},
	number={244},
	pages={1577--1595},
	year={2003}
}

@article{bramble1973rate,
	title={Rate of convergence estimates for nonselfadjoint eigenvalue approximations},
	author={Bramble, James H and Osborn, JE},
	journal={Mathematics of computation},
	volume={27},
	number={123},
	pages={525--549},
	year={1973}
}

@article{bramble1962bounds,
	title={Bounds in the Neumann problem for second order uniformly elliptic operators.},
	author={Bramble, James H and Payne, LE},
	journal={Pacific Journal of Mathematics},
	volume={12},
	number={3},
	pages={823--833},
	year={1962},
	publisher={Pacific Journal of Mathematics, A Non-profit Corporation}
}

@incollection{bacuta2002shift,
	title={Shift theorems for the biharmonic Dirichlet problem},
	author={Bacuta, Constantin and Bramble, James H and Pasciak, Joseph E},
	booktitle={Recent Progress in Computational and Applied PDEs},
	pages={1--26},
	year={2002},
	publisher={Springer}
}

%%%%%%%%%%%%%
bramble1977higher
@article {Bramble-Schatz77,
	AUTHOR = {Bramble, J. H. and Schatz, A. H.},
	TITLE = {Higher order local accuracy by averaging in the finite element
	method},
	JOURNAL = {Math. Comp.},
	FJOURNAL = {Mathematics of Computation},
	VOLUME = {31},
	YEAR = {1977},
	NUMBER = {137},
	PAGES = {94--111},
	ISSN = {0025-5718},
	MRCLASS = {65N30},
	MRNUMBER = {431744},
	MRREVIEWER = {Georges A. Lebaud},
	DOI = {10.2307/2005782},
	URL = {https://doi.org/10.2307/2005782},
}
%%%%%%%%%%%%%
bramble1973rate
@article {Bramble-Osborn73
	AUTHOR = {Bramble, J. H. and Osborn, J. E.},
	TITLE = {Rate of convergence estimates for nonselfadjoint eigenvalue
	approximations},
	JOURNAL = {Math. Comp.},
	FJOURNAL = {Mathematics of Computation},
	VOLUME = {27},
	YEAR = {1973},
	PAGES = {525--549},
	ISSN = {0025-5718},
	MRCLASS = {65J05},
	MRNUMBER = {366029},
	MRREVIEWER = {S. Bur\'{y}\v{s}ek},
	DOI = {10.2307/2005658},
	URL = {https://doi.org/10.2307/2005658},
}

%%%%%%%%%%%%
baker1979semidiscrete
article {Baker-Bramble79,
	AUTHOR = {Baker, Garth A. and Bramble, James H.},
	TITLE = {Semidiscrete and single step fully discrete approximations for
	second order hyperbolic equations},
	JOURNAL = {RAIRO Anal. Num\'{e}r.},
	FJOURNAL = {RAIRO Analyse Num\'{e}rique},
	VOLUME = {13},
	YEAR = {1979},
	NUMBER = {2},
	PAGES = {75--100},
	ISSN = {0399-0516},
	MRCLASS = {65N30},
	MRNUMBER = {533876},
	MRREVIEWER = {Alexander Doktor},
	DOI = {10.1051/m2an/1979130200751},
	URL = {https://doi.org/10.1051/m2an/1979130200751},
}

%%%%%%%%%%%%
baker1977single
@article {Baker-Bramble-Thomee77,
	AUTHOR = {Baker, Garth A. and Bramble, James H. and Thom\'{e}e, Vidar},
	TITLE = {Single step {G}alerkin approximations for parabolic problems},
	JOURNAL = {Math. Comp.},
	FJOURNAL = {Mathematics of Computation},
	VOLUME = {31},
	YEAR = {1977},
	NUMBER = {140},
	PAGES = {818--847},
	ISSN = {0025-5718},
	MRCLASS = {65N30},
	MRNUMBER = {448947},
	MRREVIEWER = {T. St\'{y}s},
	DOI = {10.2307/2006116},
	URL = {https://doi.org/10.2307/2006116},
}


%%%%%%%%%%%%%%%%
bramble1962bounds
@article {Bramble-Payne62
	AUTHOR = {Bramble, J. H. and Payne, L. E.},
	TITLE = {Bounds in the {N}eumann problem for second order uniformly
	elliptic operators},
	JOURNAL = {Pacific J. Math.},
	FJOURNAL = {Pacific Journal of Mathematics},
	VOLUME = {12},
	YEAR = {1962},
	PAGES = {823--833},
	ISSN = {0030-8730},
	MRCLASS = {35.45},
	MRNUMBER = {146504},
	MRREVIEWER = {A. M. White},
	URL = {http://projecteuclid.org/euclid.pjm/1103036300},
}

%%%%%%%%%%%%%%%%%%%%%%%%%
bacuta2002shift
@incollection {Bacuta-Bramble-Pasciak01,
	AUTHOR = {Bacuta, Constantin and Bramble, James H. and Pasciak, Joseph
	E.},
	TITLE = {Shift theorems for the biharmonic {D}irichlet problem},
	BOOKTITLE = {Recent progress in computational and applied {PDE}s
	({Z}hangjiajie, 2001)},
	PAGES = {1--26},
	PUBLISHER = {Kluwer/Plenum, New York},
	YEAR = {2002},
	MRCLASS = {35J40 (46E35 46M35 47F05)},
	MRNUMBER = {2039554},
}
%%%%%%%%%%%%%%%%%%%%%%%%%

bacuta2003using
@incollection {Bacuta-Bramble-Pasciak03,
	AUTHOR = {Bacuta, Constantin and Bramble, James H. and Pasciak, Joseph
	E.},
	TITLE = {Using finite element tools in proving shift theorems for
	elliptic boundary value problems},
	NOTE = {Dedicated to the 60th birthday of Raytcho Lazarov},
	JOURNAL = {Numer. Linear Algebra Appl.},
	FJOURNAL = {Numerical Linear Algebra with Applications},
	VOLUME = {10},
	YEAR = {2003},
	NUMBER = {1-2},
	PAGES = {33--64},
	ISSN = {1070-5325},
	MRCLASS = {35B65 (35J25 47F05)},
	MRNUMBER = {1964285},
	MRREVIEWER = {R\'{e}mi Vaillancourt},
	DOI = {10.1002/nla.311},
	URL = {https://doi.org/10.1002/nla.311},
}
%%%%%%%%%%%%%%%%%%%%

bacuta2003regularity-c
@article {Bacuta-Bramble-Xu03Besov,
	AUTHOR = {Bacuta, Constantin and Bramble, James H. and Xu, Jinchao},
	TITLE = {Regularity estimates for elliptic boundary value problems in
	{B}esov spaces},
	JOURNAL = {Math. Comp.},
	FJOURNAL = {Mathematics of Computation},
	VOLUME = {72},
	YEAR = {2003},
	NUMBER = {244},
	PAGES = {1577--1595},
	ISSN = {0025-5718},
	MRCLASS = {35J25 (35B65 46B70 46E35 65N15 65N30)},
	MRNUMBER = {1986794},
	MRREVIEWER = {Giuseppe Mingione},
	DOI = {10.1090/S0025-5718-02-01502-8},
	URL = {https://doi.org/10.1090/S0025-5718-02-01502-8},
}
%%%%%%%%%%%
bacuta2003regularity-b
@incollection {Bacuta-Bramble03,
	AUTHOR = {Bacuta, Constantin and Bramble, James H.},
	TITLE = {Regularity estimates for solutions of the equations of linear
	elasticity in convex plane polygonal domains},
	NOTE = {Special issue dedicated to Lawrence E. Payne},
	JOURNAL = {Z. Angew. Math. Phys.},
	FJOURNAL = {Zeitschrift f\"{u}r Angewandte Mathematik und Physik. ZAMP.
	Journal of Applied Mathematics and Physics. Journal de
	Math\'{e}matiques et de Physique Appliqu\'{e}es},
	VOLUME = {54},
	YEAR = {2003},
	NUMBER = {5},
	PAGES = {874--878},
	ISSN = {0044-2275},
	MRCLASS = {35J55 (35B65 74G40)},
	MRNUMBER = {2019187},
	MRREVIEWER = {Giuseppe Mingione},
	DOI = {10.1007/s00033-003-3211-4},
	URL = {https://doi.org/10.1007/s00033-003-3211-4},
}

%%%%%%%%%%%
bacuta2003regularity-a
@article {Bacuta-Bramble-Xu03,
	AUTHOR = {Bacuta, C. and Bramble, J. H. and Xu, J.},
	TITLE = {Regularity estimates for elliptic boundary value problems with
	smooth data on polygonal domains},
	JOURNAL = {J. Numer. Math.},
	FJOURNAL = {Journal of Numerical Mathematics},
	VOLUME = {11},
	YEAR = {2003},
	NUMBER = {2},
	PAGES = {75--94},
	ISSN = {1570-2820},
	MRCLASS = {35B65 (35J25)},
	MRNUMBER = {1987589},
	MRREVIEWER = {Antonia Passarelli di Napoli},
	DOI = {10.1163/156939503766614117},
	URL = {https://doi.org/10.1163/156939503766614117},
}

@article{lecun1998gradient,
	title={Gradient-based learning applied to document recognition},
	author={LeCun, Yann and Bottou, L{\'e}on and Bengio, Yoshua and Haffner, Patrick},
	journal={Proceedings of the IEEE},
	volume={86},
	number={11},
	pages={2278--2324},
	year={1998},
	publisher={Ieee}
}


%End of 

%----------------------------------------------------------------------------
%----------------------------------------------------------------------------
%----------------------------------------------------------------------------


